2728 4690
1002 259 1151 367 'res

121 462 265 537 Graecae
299 470 404 540 recte,
444 459 481 526 ori
511 456 665 546 palpa«
730 458 894 524 Similiter
924 457 1139 526 Wellaneius

119 565 195 608 cum
214 547 405 608 Hermanno
425 545 467 608 ad
488 545 603 632 Viger.
625 566 657 628 p.
680 546 741 612 788
768 554 801 609 et
821 543 1039 612 Schwenckio
1065 567 1147 610 ver-⁴

119 632 180 692 tit:
206 631 372 692 »bellum
395 631 508 692 foris
529 632 604 709 sit,
626 627 696 692 sed
716 629 1060 716 satis-vicinum}
1083 627 1140 690 ad-

119 712 216 776 dens:
240 717 282 778 ui.
301 736 329 778 e.
351 733 418 776 nou
439 716 539 774 nimie
559 713 785 798 longinquum,
807 731 848 776 ne
869 731 907 774 eo
929 713 1146 793 proficiscen..

118 807 167 859 tes
188 798 275 862 cives
296 797 473 874 majoribus
495 793 712 858 incommodis
732 804 940 876 premantur,
961 816 1042 860 nere
1062 815 1139 878 pro-

118 882 172 940 cul
203 901 223 942 a
250 881 377 963 patriae
407 879 526 941 finibus
556 879 769 942 moriantur«
830 877 1066 948 Abreschiusa„
1083 876 1139 944 »οὐ

117 961 205 1042 μόλις
230 959 339 1045 nuptie
366 982 445 1026 non
472 965 557 1040 vix,
584 961 641 1026 sed
666 963 796 1026 scilicet
826 961 945 1028 'certo
974 965 1139 1026 instans

117 1067 157 1108 ac
177 1050 417 1129 propinquum,
446 1044 533 1128 quod
555 1066 621 1108 nou
648 1046 765 1129 procul
785 1045 893 1124 abest,
922 1045 978 1108 sed
999 1065 1060 1127 pru
1089 1049 1139 1108 fo-

117 1132 223 1208 ribus,
256 1129 299 1191 ad
325 1128 414 1212 quod
439 1127 682 1212 suscipiendum
711 1131 897 1193 excitantur
924 1128 1137 1192 Athenienses

116 1213 174 1280 Vs.
191 1217 253 1280 40⁰
273 1212 349 1293 (375
369 1211 492 1290 Well.)
514 1221 547 1274 et
566 1231 673 1294 seqq.«
718 1211 865 1277 Heathio
885 1211 1060 1276 videbatur
1078 1209 1140 1276 sod

115 1292 342 1378 adiacenciis
372 1295 461 1362 idem
488 1297 545 1358 hic
569 1297 757 1382 significare
784 1313 833 1361 ac„
850 1291 942 1375 ediec,
960 1293 996 1360 οὐ
1016 1292 1137 1377 παρόν,

116 1382 331 1444 bellum.nou
349 1379 408 1442 diu
428 1379 508 1444 hinc
528 1379 747 1444 abfuturum«
804 1379 997 1462 »Respicere
1017 1382 1139 1456 enim‚«‘

83 1529 86 1532 ,
116 1467 242 1610 iupuit,
274 1464 349 1526 uhic
376 1471 506 1546 poetam
532 1473 613 1543 puto
633 1458 755 1525 bellum
776 1461 865 1526 istud
878 1461 1141 1526 ‚Atheniensibus

116 1567 137 1609 a
182 1549 327 1628 partanis
357 1548 470 1629 paullo
499 1555 574 1628 post
593 1545 719 1608 Orestis
747 1554 897 1630 tempora
927 1548 1078 1624 illatum,
1103 1549 1139 1608 in

116 1651 181 1712 quo
202 1628 328 1692 Codrus
356 1649 418 1712 pro
439 1629 545 1692 salute
571 1631 699 1712 patriae
727 1631 898 1711 propriam
918 1628 1139 1709 profudit-vi-

115 1725 201 1791 tam,
232 1713 320 1774 hunc
348 1715 436 1810 epim
463 1712 644 1778 verisimile
670 1721 722 1774 est
747 1732 845 1785 versu
860 1715 1026 1795 ⁴proximo
1053 1711 1138 1775 desi-

115 1799 228 1898 gnari,
254 1795 287 1858 ἐν
307 1793 331 1878 ᾧ
351 1820 397 1870 τις
420 1793 506 1858 ἔσται
527 1791 624 1869 δεινός
643 1792 778 1868 εὐκλείας
799 1791 911 1876 ἔμω
927 1852 930 1861 ,
945 1797 1141 1864 ,Friizschin

115 1901 153 1944 in
173 1899 311 1944 censura
330 1895 362 1961 pt
385 1883 427 1944 92
455 1875 584 1960 πόλεμος
607 1875 644 1945 οὔ
665 1877 754 1960 μόλις
773 1875 881 1962 stupeis
900 1873 1012 1946 valeti.
1037 1881 1139 1942 »bel-
1257 1939 1259 1944 .

115 1967 199 2028 lum
226 1961 336 2046 qnod
365 1984 444 2026 non
473 1965 587 2026 lente
608 1966 879 2046 suscipitur«
942 1964 1015 2030 Alii
1034 1965 1152 2028 terha'

115 2045 310 2134 corrigenda
349 2046 531 2112 cernebant.
595 2047 621 2108 E
655 2047 774 2128 quibus
810 2043 959 2113 laudasse
981 2049 1142 2110 inficiet

18 2163 23 2167 ·
113 2131 355 2209 Hermannum,
372 2133 436 2210 jam
448 2122 529 2194 olim
542 2129 642 2194 scribi
662 2130 842 2208 jubentem:
864 2127 886 2206 ἢ
905 2127 994 2210 μόλις
1013 2129 1140 2212 παρόν]

114 2236 196 2297 quae
216 2214 316 2281 verba
337 2233 442 2298 nuper
462 2216 499 2276 in
520 2232 658 2278 censum
679 2215 790 2296 p.1o8
813 2233 832 2276 a
854 2213 1032 2282 scholiasta
1052 2217 1141 2278 lecta

112 2289 212 2363 fuisse
241 2296 345 2375 dixit,
376 2315 475 2360 versu
502 2307 616 2360 nostro
649 2295 910 2378 praedictionem
927 2313 1068 2382 'pugnae
1096 2296 1139 2360 ad

112 2381 346 2444 Marathonem
385 2382 576 2443 commissae
616 2380 782 2442 contineri
840 2388 949 2442 utaus.
980 2432 983 2441 .
1011 2379 1056 2444 At
1098 2377 1140 2441 de

112 2463 290 2524 scholiasta
311 2459 443 2544 quidem
470 2471 582 2542 aperte
609 2471 700 2523 errat
729 2463 784 2524 vir
829 2463 1030 2539 attissimus,
1063 2481 1140 2524 nam

113 2550 143 2608 is
171 2545 259 2607 nihil
287 2553 363 2607 ante
390 2545 503 2608 oculos
533 2543 690 2620 habebat,
723 2545 790 2604 nisi
817 2545 926 2626 ipsum
953 2541 1056 2606 illud:
1103 2541 1140 2608 οὐ

110 2625 200 2711 μόλις
228 2623 357 2708 παρόν,
395 2628 432 2688 in
452 2647 517 2712 quo
548 2625 743 2710 explicando
764 2636 855 2689 arcta
883 2627 1027 2706 junxisse
1046 2623 1140 2690 vide·

111 2724 169 2777 tur
187 2712 306 2776 verba:
351 2707 439 2792 μόλις
468 2706 587 2791 παμόι.
654 2708 808 2772 Ceterum
838 2730 879 2772 ex
910 2712 1014 2774 variis
1045 2710 1139 2775 hisce

112 2797 285 2861 doctorum
305 2794 476 2858 hominum
491 2797 663 2858 sententiis
679 2797 760 2856 satis
776 2795 893 2873 elucet,
915 2811 1012 2876 quam
1032 2796 1140 2856 multa

111 2879 300 2967 significare
326 2879 431 2960 possit
451 2878 561 2954 locus,
598 2881 629 2940 si
649 2878 759 2940 verbis
780 2879 833 2940 vel
861 2879 1031 2942 minimam
1052 2878 1140 2942 velis

111 2967 181 3032 vim
206 2965 341 3032 facere„
378 2954 444 3022 Sed
472 2979 583 3022 omnes
614 2959 676 3022 hac
703 2963 854 3026 virorum
878 2960 1052 3027 doctorum
1082 2981 1139 3023 ex-

110 3046 329 3132 plicationes,
350 3063 433 3126 quae
454 3063 522 3106 non
543 3053 639 3129 egent
660 3047 877 3123 refutatione,
907 3053 1138 3128 praeterquam

110 3128 200 3216 quod
230 3129 493 3190 contentissimae
524 3133 602 3189 sunt
623 3137 657 3188 ct
676 3128 730 3190 vel
756 3147 817 3209 per
836 3149 872 3192 se
893 3128 1043 3215 ineptae,
1077 3146 1137 3189 no-

109 3219 234 3280 tionem
256 3208 439 3275 obtrudunt
468 3211 543 3271 loco
571 3227 707 3292 prorsus
736 3209 878 3275 alienam
903 3222 1136 3295 atqnesuper-

108 3302 217 3360 finam.
259 3295 388 3356 Etenim
410 3313 492 3374 quae
514 3291 592 3354 huic
612 3297 794 3356 sententiae
815 3296 968 3378 opposita
988 3306 1081 3374 sunt,
1103 3305 1137 3362 et

109 3377 338 3466 praecedentia
358 3375 417 3440 Vs.
439 3375 502 3442 823
522 3397 592 3458 sqq.
622 3385 656 3440 et
683 3379 853 3460 sequentia
880 3377 939 3442 Vs.
962 3379 1045 3461 828,
1077 3376 1137 3442 do·

108 3475 200 3542 cent,
232 3481 330 3528 versu
350 3461 413 3527 826
433 3461 491 3524 vix
521 3457 613 3522 aliud
642 3459 722 3544 quid
750 3461 920 3544 loquutam
946 3463 1047 3525 luisse
1067 3458 1135 3526 Mi·

108 3567 260 3625 nervam,
281 3565 378 3628 quam
399 3543 612 3623 simpliciter:
644 3553 862 3608 externum
882 3547 940 3611 sit
961 3546 1133 3608 bellum.

4 3643 5 3658 ¹
106 3631 194 3717 Ergo
223 3630 303 3712 qnid
331 3627 397 3690 sibi
435 3626 499 3689 hoc
534 3627 609 3700 loco
642 3629 715 3691 vult
742 3631 904 3692 sententia
932 3630 1135 3712 peculiarem

106 3731 290 3796 novamque
316 3711 487 3774 continens
518 3710 772 3796 cogitationem,
804 3713 910 3794 qualia
940 3721 1007 3790 est,
1082 3733 1134 3776 am

4 3805 6 3830 ³
107 3816 183 3860 cum
207 3795 350 3859 verbisa'
366 3790 403 3858 οὐ
434 3790 523 3874 μόλις
542 3787 652 3877 παρόν
682 3793 842 3874 adjectam
867 3802 1004 3879 putanti
1081 3815 1134 3856 er-

4 3881 6 3910 ³
106 3881 220 3945 manni
240 3886 348 3940 autem
370 3876 627 3953 correctionem,
650 3896 746 3960 quam
768 3880 838 3962 ipse
859 3883 983 3948 fatetur
1003 3897 1133 3940 sermm

4 3959 6 4000 ⁵
106 3985 166 4048 per
199 3983 234 4028 se
265 3959 454 4047 ambignum
482 3957 648 4048 tundere,
689 3963 823 4029 omuino
864 3984 932 4026 noa
967 3962 1129 4050 intelligo.
