2794 4692
162 492 363 594 conspicit,
400 494 585 594 impavida
617 497 755 596 pariter
786 513 892 599 alque
921 501 1025 583 mitia
1044 521 1090 585 ,et
1121 509 1191 586 cla·

159 619 266 686 mcns
292 596 433 695 quaerit
457 613 652 695 utramque
676 615 844 696 partem,
881 603 1030 702 quinam
1056 607 1138 704 sint,
1182 682 1186 692 ,
1298 605 1303 615 “

261 699 480 774 Sermonem
496 699 696 795 suseipiunt
713 701 865 795 Furiae,
891 705 1055 801 primum
1076 734 1190 808 genus

159 812 195 872 et
219 824 373 892 nornen,
409 814 489 875 tum
514 825 647 876 munus
673 795 780 876 suum
804 807 1104 900 pronunciantes:
1149 835 1188 884 se

157 901 270 974 Nocte
301 925 379 975 esse
412 901 575 1002 genitas,
626 903 719 1000 apud
750 902 887 979 inferos
909 907 1021 984 Diras
1045 910 1186 1002 vocari,

155 997 359 1078 homicidas
390 1027 436 1078 cx
473 1001 620 1082 aedibus
653 1005 830 1102 expellere
851 1003 938 1100 ⁷⁸).'
991 1009 1185 1104 Quaerenti

255 1259 376 1334 petitum
394 1266 454 1326 est,
472 1288 506 1302 -
534 1259 646 1316 etiamsi
664 1275 733 1316 vere
749 1261 790 1316 sit
807 1260 928 1330 dictum,
956 1262 987 1318 id
1004 1264 1080 1333 quod
1097 1264 1182 1320 miul-
1221 1261 1226 1278 '

253 1346 298 1385 me
316 1338 447 1394 constat,
465 1355 499 1369 -
532 1331 608 1398 quod
629 1329 676 1384 ltio
695 1331 769 1384 idem
786 1345 907 1386 sommus
925 1335 1131 1402 archaeologos
1150 1334 1180 1388 in

253 1397 407 1454 nouissimo
425 1396 567 1453 volumine
585 1398 683 1468 operis
705 1399 874 1454 Germanice
891 1399 1043 1473 inscripti:
1064 1402 1179 1470 »Alige-

252 1471 346 1523 meiue
363 1467 596 1538 Euryclopaedie
620 1468 673 1520 der
688 1467 935 1524 wissenschaften
959 1472 1016 1524 und
1038 1473 1178 1538 Iliinstea,

252 1555 276 1591 a.
303 1555 329 1592 v.
358 1535 628 1600 Pallas-Athene„
676 1537 753 1600 aa,
789 1537 853 1592 adn.
871 1539 904 1592 ³7
931 1537 1050 1593 scribit:
1086 1540 1188 1607 Giris„

253 1605 388 1660 carminis
414 1601 497 1658 latini
525 1603 632 1671 injuria
655 1553 789 1672 i'irgilio
815 1606 974 1678 adscripti,
1004 1608 1058 1664 Vs.
1075 1611 1106 1663 ll
1133 1623 1177 1676 aq.

252 1673 391 1728 similiter
417 1673 453 1727 de
478 1674 565 1743 peplo
590 1673 738 1743 Minerpae
764 1689 851 1755 supra
876 1691 988 1730 currum
1012 1676 1042 1731 ia
1066 1677 1178 1732 modum

251 1743 311 1798 reli
329 1759 416 1815 panso
434 1742 612 1808 cogitandum
631 1755 695 1796 esse
715 1742 831 1809 videri,
866 1755 951 1813 atque
970 1746 1024 1800 ltoc
1040 1745 1187 1800 Eumeni--

250 1814 315 1867 dum
339 1813 404 1866 loco
429 1810 509 1879 aegis
532 1811 603 1866 deae
625 1811 725 1866 currui
750 1829 803 1882 pro
822 1813 887 1867 relo
905 1813 953 1872 sit.
971 1845 1004 1858 -
1055 1815 1117 1870 Jam
1139 1815 1176 1870 ad

249 1892 374 1937 nostram
403 1879 572 1936 sententiam
619 1896 755 1950 ergamus.
817 1882 893 1936 Puto
919 1881 1060 1952 scilicet,
1094 1885 1176 1939 deam

247 1951 350 2021 aegide
367 1965 446 2004 usam
463 1949 535 2017 fingi
555 1897 653 2004 sorim
672 1950 729 2003 illo
746 1949 823 2018 line,
851 1967 908 2019 quo
925 1951 1044 2020 aurigae
1060 1951 1112 2020 ιὴν
1128 1951 1177 2008 a’ut
1236 2013 1239 2019 ,

246 2016 348 2074 νώτων·
361 2017 480 2100 μᾶπιγφ
504 2019 594 2088 ῥοίζου
617 2023 724 2089 μητέρα
747 2017 902 2089 depositas
926 2023 1062 2090 (anthol.
1079 2023 1173 2077 Palat.

246 2089 385 2153 v1,aas)
404 2089 596 2152 adhibebant3
634 2087 724 2158 igitur
738 2089 845 2156 junctis
864 2089 945 2158 equis
963 2091 1076 2160 aegidio
1101 2109 1172 2162 ope·

244 2174 277 2212 ra
299 2157 449 2231 strepitum
478 2157 613 2211 effecisse
646 2187 678 2200 -
706 2157 800 2226 idque
828 2159 918 2230 ipsam
945 2159 1036 2214 sinum
1058 2161 1172 2230 aegidis

154 2279 161 2294 ,
235 2230 361 2296 „humero
385 2227 583 2294 circumjectae
607 2225 733 2280 manibus
759 2228 905 2284 tollentem
930 2239 1014 2296 atque
1033 2245 1171 2296 quassan-

244 2311 319 2421 tir
339 2296 1081 2438 ttttt'ttdttttltitiitttatlttttr
1107 2315 1171 2352 ‘¹⁸⁰¹

241 2446 275 2490 ut
305 2436 374 2490 illos
405 2435 571 2503 impelleret
597 2434 632 2486 ad
663 2450 784 2491 cursum.
836 2435 895 2488 Cir.
921 2435 1005 2490 etiam
1032 2405 1169 2506 Sopltocl.

241 2505 351 2560 Electr·
371 2503 429 2559 ··Vs.
448 2505 498 2556 737
518 2518 561 2570 sq.
587 2498 636 2566 οὕξ
661 2499 794 2568 Ἀθηνῶν
820 2500 907 2556 driade
931 2501 1108 2572 ἡνιοστρόφος
1134 2535 1167 2544 -
1254 2548 1257 2559 t

241 2571 318 2698 {3337
346 2567 508 2696 διἨῶτων
537 2568 683 2626 κέλαδον
713 2569 1166 2696 ἰνσιίσασροσέσμῶλοιᾶ,

239 2656 764 2836 figitis,{iliiiniilziuliiai
778 2641 959 2834 inihi}
976 2656 1166 2836 tltptplt

239 2791 920 2923 dtrstultiditationatus
943 2795 1078 2918 latr,
1106 2799 1164 2918 'qli

236 2919 386 2994 peregerit
406 2919 550 2985 Minerva,
574 2926 606 2972 ut
623 2927 699 2973 tanta
717 2917 883 2984 celeritate,
902 2929 1005 2986 quanta
1023 2921 1163 2976 hocloco

236 2989 373 3060 fingitur,
393 2987 450 3043 iter
467 2987 642 3053 coniecerit,
665 2989 712 3042 cui
731 2989 774 3042 rei
793 2989 956 3058 probandae
972 2989 1057 3044 etiam
1076 3004 1162 3044 voces

235 3054 351 3126 ἄτρυτον
369 3065 397 3110 et
414 3052 537 3125 ἅπμαίοισ
556 3057 723 3112 inserviunt.
772 3059 812 3112 Et
831 3074 930 3112 revera
951 3059 1089 3128 stupenda
1106 3058 1162 3114 tiu·-

236 3129 317 3198 gitur
334 3126 487 3192 celeritas;
513 3126 621 3198 quippe
639 3125 780 3182 invocatio
800 3126 927 3194 Orestis,
940 3131 1007 3195 'qua
1026 3125 1161 3182 exaudita

234 3215 267 3251 se
284 3197 400 3266 Sigeum
427 3195 582 3263 reliquisse
607 3198 661 3250 dea
683 3195 772 3262 dicit,
808 3213 841 3252 ea
865 3204 925 3261 est,
961 3213 1032 3266 quae
1051 3197 1160 3266 legitur

236 3265 303 3321 inde
327 3266 500 3331 avalim
537 3273 656 3335 apparet
679 3264 786 3334 igitur,
822 3284 877 3322 uon
901 3267 938 3321 de
963 3265 1058 3322 nihilo
1085 3280 1160 3331 esse,

233 3336 308 3405 quod
326 3345 410 3408 poeta
427 3333 584 3389 Minervam
603 3336 673 3388 haec
691 3336 851 3402 loquentem
870 3335 947 3390 lecit.
966 3365 998 3379 --
1026 3335 1158 3390 Ceterum

231 3409 288 3474 jam
316 3422 348 3459 su
372 3421 403 3458 ra
433 3422 460 3474 p.
481 3402 551 3458 LXI
580 3401 761 3471 monuimus,
800 3406 885 3460 uobis
914 3422 975 3458 cum
1001 3405 1158 3460 Genello
1250 3451 1251 3458 ,

232 3475 326 3530 videri
387 3475 510 3528 inerram
536 3471 675 3527 mansisse
700 3475 798 3529 currui
826 3475 1003 3529 insistentem
1034 3473 1063 3530 in
1091 3482 1159 3528 aere

230 3560 388 3616 suspens03
425 3542 675 3608 contraeandem‚
701 3559 783 3610 quarn
799 3544 1057 3614 Boettigerus,
1091 3560 1158 3600 seu·
1187 3605 1190 3611 ¹

229 3615 345 3670 tentiam
362 3612 492 3668 breviter
511 3612 600 3667 refert
617 3611 822 3667 Muellerus
847 3613 867 3668 1.
886 3631 910 3667 c.
930 3631 959 3686 p.
976 3615 1019 3670 75.

149 3709 194 3773 78)
229 3709 290 3762 Cir.
309 3709 361 3763 Vs·
380 3710 440 3764 399.
466 3707 548 3764 Quod
566 3705 672 3760 Furiae
691 3703 740 3759 hic
761 3704 934 3787 simpliciter
951 3704 1155 3788 homicidas

228 3795 243 3830 a
267 3780 391 3848 pellant,
407 3776 529 3848 proprie
543 3776 634 3830 minus
648 3782 780 3830 accurate
795 3777 901 3857 dictum
916 3786 979 3842 est,
999 3777 1056 3834 vid.
1067 3789 1155 3844 supra

226 3843 1156 3996 tut-tta·stlattasatraatttttttgluttit:

227 3994 307 4040 rent:
343 4003 359 4040 e
386 3997 524 4057 patria,
560 4000 676 4051 eamque
699 3985 922 4056 explicationem
948 4001 1005 4056 per.
1023 3999 1055 4040 ae
1080 3983 1152 4035 ferra

170 4083 173 4094 .
224 4069 332 4126 posse,
364 4057 467 4116 velex
486 4063 636 4126 caputet,
664 4053 740 4124 quod
758 4054 857 4119 Oresti
877 4053 936 4131 ipsi
954 4067 1052 4116 versus
1067 4052 1152 4108 lineas
