2770 4690
217 337 370 416 XXVlll

194 519 343 612 „dictim
391 537 480 613 quae
503 511 632 590 abhinc
658 509 821 602 facienda
845 512 917 588 siut
941 513 1011 609 ipsi
1035 513 1238 611 relinquens

320 769 411 824 Grecs
429 765 462 820 T.
481 765 522 832 11,
550 785 576 837 p.
594 768 645 828 220
671 765 749 822 dless
776 767 836 820 dem
856 767 942 821 Orest
969 767 1146 822 aulrlebende
1169 769 1239 830 Blut

319 835 484 906 vergllchen
503 837 564 903 bat,
585 842 695 904 tragen,
712 854 757 892 wo
775 836 847 890 donn
865 837 915 890 des
927 835 997 891 Blut
1014 853 1047 890 an
1066 839 1147 890 ibren
1162 839 1239 892 lliin-

319 909 373 960 den
392 906 468 969 sei,c‹
505 910 585 974 cujus
605 906 664 958 lere
683 904 711 959 in
736 905 902 960 sententiam
920 905 1043 960 discedit
1063 906 1239 960 lllillinus

319 979 339 1032 l.
357 992 381 1028 c.
403 973 494 1038 1211,
514 993 539 1044 p.
561 977 608 1028 tou
625 975 719 1029 adnot.
742 977 763 1027 Ι.
782 985 810 1028 et
827 973 910 1027 alibi.
952 975 991 1030 Et
1015 976 1115 1031 credas
1139 975 1238 1040 facile,

319 1060 412 1098 veram
433 1057 513 1105 esse,
542 1044 572 1096 si·
587 1043 637 1096 Vs.
653 1043 704 1096 ‘238
722 1040 943 1112 computaveris,
971 1044 1006 1096 de
1025 1061 1080 1110 quo
1099 1060 1170 1110 quae
1187 1046 1238 1098 ad·

319 1112 429 1168 notavit
452 1109 622 1165 scholiastes
648 1111 727 1164 hisce
751 1111 861 1166 verbis:
896 1107 931 1164 ur
947 1109 1106 1180 αὕτόρρημα
1124 1114 1239 1182 αἵματος

238 1228 240 1234 ,
319 1179 393 1236 ὄντος
409 1176 545 1245 Ὀρέστου,
580 1187 624 1232 καί
645 1183 796 1246 μιαίνοντας
812 1177 863 1244 τήν
883 1178 932 1247 γῆν
949 1173 981 1248 ἧς
1002 1179 1153 1250 ἐφάψηται.
1199 1177 1237 1235 Td

321 1252 371 1320 μὲν
387 1245 516 1316 αἶπορῥεῖν
532 1243 563 1301 τί
581 1248 666 1317 αἷμα,
690 1245 914 1316 παραδοξολογίας
930 1247 985 1303 e'orl
1002 1247 1138 1318 τραγικῆς.
1166 1245 1240 1318 Ὅρα

321 1319 351 1374 δὲ
367 1316 404 1388 μή
423 1316 531 1390 ἐκβαίνῃ
548 1313 599 1386 τήν
614 1321 716 1381 πίστιν,
735 1314 749 1370 d
766 1313 821 1370 rino*
840 1313 958 1385 ’Ἄργους
974 1313 1011 1374 εἰς
1028 1317 1143 1386 Aslpoo't
1160 1314 1238 1385 ἥκων,

320 1389 382 1444 εἶτα
405 1384 513 1440 ἐκεῖθεν
529 1382 565 1440 εἰς
589 1383 728 1452 ιΑθήνας,
764 1392 808 1440 καί
831 1384 872 1439 ἔτι
895 1385 965 1454 αἷμα
989 1385 1088 1452 oratos
1111 1383 1167 1442 cinti
1189 1385 1240 1443 τοῦ

321 1460 412 1524 ξίφους
428 1475 451 1508 κ.
469 1475 494 1509 τ.
512 1453 535 1507 t.
554 1487 587 1498 -
605 1468 637 1510 ut
649 1459 748 1522 -jejnna
765 1453 858 1525 carpit
875 1455 1105 1512 Bluemnerus
1123 1456 1238 1512 dissert.

322 1525 490 1581 deuotione
516 1523 566 1579 sati
587 1523 615 1580 in
640 1523 796 1593 tragoediis
814 1523 952 1594 Aeschyli
971 1543 998 1594 p.
1016 1527 1062 1592 72,
1081 1527 1176 1581 adnot.
1197 1529 1239 1592 lll,

320 1595 369 1664 qni
390 1593 558 1662 »Blutige
575 1592 697 1664 spur-,i
718 1595 773 1659 ait,
795 1593 847 1646 »ist
864 1610 917 1647 nur
934 1591 1009 1663 Spur
1028 1596 1077 1648 des
1096 1596 1239 1661 lllldrders,

319 1666 401 1720 niclrt
426 1663 527 1718 dessen
551 1665 602 1716 der
624 1680 678 1728 ,von
699 1663 783 1716 lllute
807 1661 912 1716 trielt«
964 1664 1048 1716 lmmo
1066 1665 1240 1732 scholiastae

319 1733 426 1788 illude
452 1732 595 1802 paradoxa
611 1731 751 1854 Aeschgll
777 1731 893 1785 fictione
917 1731 1066 1797 admiratio
1089 1733 1241 1802 augebitur

263 1865 265 1871 Α
320 1803 421 1867 etiam,
446 1801 472 1854 si
492 1799 676 1868 cogitaveris,
732 1811 848 1866 restem,
876 1816 958 1866 quum
978 1801 1096 1856 Athenis
1113 1819 1241 1856 versare·

322 1884 382 1935 tur,
414 1881 598 1938 expurgatum
616 1867 694 1936 fingi.
728 1869 834 1923 Verum
852 1869 926 1921 enlm
945 1887 1012 1923 vero
1030 1881 1061 1925 ut
1072 1873 1152 1934 ¹bunc
1168 1872 1241 1926 alte·

322 1955 382 1994 rum
400 1938 491 1989 locum
510 1937 544 1989 ad
570 1950 677 2006 tempus
695 1937 816 2002 mittam,
853 1937 935 2007 prior
954 1953 1021 1992 saue
1039 1955 1102 2002 num
1120 1939 1241 2009 figurate

250 2063 254 2074 ,
321 2005 527 2073 intelligendus
545 2005 584 2058 sit
602 2021 636 2058 eo
655 2005 753 2070 modo,
788 2007 1239 2078 quemvoluitBoettlgerus‚
1296 2009 1299 2012 ’

319 2075 562 2129 vehementissime
585 2072 696 2137 dubito,
748 2075 950 2141 Praeterquam
975 2076 1049 2130 enim
1067 2079 1142 2144 quod
1160 2079 1242 2133 locu-

321 2144 376 2200 tio:
408 2139 549 2196 νεοσπαδὲς
565 2141 640 2211 ξίφος
658 2143 761 2202 nullam
781 2143 917 2202 rationein
936 2146 1036 2210 babet,
1062 2147 1120 2202 nisi
1138 2161 1241 2212 sumas,

318 2211 442 2283 Pythiae
468 2213 592 2281 gladium
612 2211 726 2266 Orestis
753 2229 851 2266 revera
879 2229 983 2268 cruore
1010 2213 1125 2270 tinctum
1152 2218 1242 2272 visum

242 2317 245 2326 .
319 2298 399 2362 esse,
426 2283 471 2334 vel
491 2281 520 2336 id
540 2281 614 2348 quod
634 2282 734 2335 uerba:
765 2282 861 2349 αἵματι
879 2277 1010 2346 στάζοντα
1026 2288 1115 2352 χεῖρας
1133 2285 1167 2340 in
1186 2285 1243 2340 de·

315 2351 525 2419 serrptione
560 2351 758 2420 proferuntur,
798 2367 832 2404 eo
859 2351 957 2418 ducit,
998 2363 1029 2406 ut
1055 2355 1091 2407 de
1117 2355 1245 2412 manibus

320 2419 457 2487 sanguine
479 2418 671 2484 stillantibus,
706 2418 884 2488 cogitandum
907 2435 970 2472 osse
993 2427 1159 2489 statuamus,
1196 2421 1243 2477 ac·

319 2505 376 2558 que
402 2489 487 2557 bene,
522 2500 607 2557 atque
629 2499 724 2544 cetera
745 2487 855 2553 omnia,
890 2503 962 2555 quae
985 2489 1012 2542 ln
1031 2493 1129 2545 eodem
1148 2493 1213 2545 loco
1229 2509 1247 2545 a

318 2557 429 2629 Pythia
446 2557 594 2624 dicuntur,
629 2556 745 2628 proprie
764 2556 954 2625 intelligenda
970 2570 1049 2626 sunt3
1084 2578 1137 2615 nec
1154 2560 1246 2614 minus

318 2626 470 2682 Furiarum
488 2629 589 2694 verba,
607 2643 679 2695 quae
697 2625 817 2680 inferius
837 2626 969 2694 leguntur
990 2627 1057 2684 iude
1074 2645 1091 2682 a
1108 2630 1162 2685 Vs·
1182 2633 1242 2695 158,

320 2697 415 2752 (lucre
433 2711 551 2762 censeo,
587 2695 614 2748 in
634 2696 764 2761 Orestis,
801 2695 885 2750 etiam
904 2712 987 2762 quum
1007 2696 1032 2752 is
1060 2709 1124 2768 post
1142 2699 1194 2754 Vs.
1212 2701 1247 2753 63

319 2763 349 2817 in
373 2779 483 2818 scenam
500 2764 652 2835 prodiret,
688 2775 718 2818 et
741 2763 838 2831 gladio
866 2763 969 2818 stricto
988 2778 1017 2820 et
1034 2767 1162 2830 manibus
1180 2783 1245 2820 san-

318 2831 416 2900 guinis
434 2841 514 2886 notas
533 2833 700 2904 conspicuas
718 2833 822 2899 luisse,
846 2832 881 2885 ad
900 2835 992 2900 qnod,
1013 2835 1043 2890 in
1061 2838 1108 2889 his
1125 2837 1247 2903 quidem,

319 2901 499 2957 Genellus
517 2903 663 2957 existimat
686 2903 786 2954 rubras
803 2901 924 2955 manicas
940 2903 1061 2968 iuuisse.
1106 2906 1183 2959 ldem
1203 2916 1246 2958 ta·

318 2987 396 3036 men,
421 2987 504 3038 quum
522 2971 615 3025 denuo
634 2971 861 3041 progrederetur
882 2981 945 3041 post
965 2971 1015 3027 Vs.
1032 2975 1097 3040 225,
1128 2989 1249 3045 purast

278 3081 282 3088 .
320 3056 440 3106 cruore,
475 3053 505 3094 ut
527 3051 574 3094 ote
592 3040 741 3110 expiatus,
777 3055 871 3092 manus
891 3055 960 3108 prae
978 3054 1010 3094 se
1028 3041 1129 3096 tulisse
1147 3054 1247 3113 putan-

320 3109 378 3162 dus
400 3118 452 3188 est:
506 3058 579 3162 §ane
604 3109 719 3175 quidem
744 3108 818 3187 alter
845 3107 899 3160 ille
922 3109 1003 3188 locus
1024 3112 1078 3165 hoc
1104 3111 1249 3181 posterius

320 3187 455 3232 statuenti
504 3178 635 3231 lurimum
653 3184 766 3230 crearet
783 3175 982 3243 difficultatis,
1017 3179 1044 3234 si
1071 3181 1184 3246 quidem
1211 3180 1251 3234 ita

320 3245 473 3314 intelllgen
496 3262 527 3300 us
544 3257 634 3310 essct,
654 3254 684 3298 ut
697 3244 814 3313 sanguis
833 3244 913 3299 ineo
930 3259 1157 3306 commemoratus
1176 3248 1250 3302 idem

320 3316 468 3369 denotatus
487 3313 542 3376 sit,
573 3317 653 3381 cujus
672 3331 688 3368 a
705 3313 863 3384 parricidio
883 3315 980 3370 Oresti
1000 3317 1123 3385 vestigia
1141 3334 1251 3372 reman-

320 3382 410 3439 serint
427 3385 463 3436 ab
483 3383 568 3436 initio
586 3385 669 3450 hujus
687 3383 816 3448 fabulae,
854 3383 883 3437 id
902 3385 978 3450 quod
995 3386 1086 3441 adhuc
1105 3387 1141 3440 ab
1159 3385 1249 3440 omni·

321 3452 392 3518 bus,
419 3452 495 3521 quod
513 3448 616 3516 sciam,
645 3451 853 3521 interpretibus
873 3452 975 3531 lactum
995 3465 1056 3520 est,
1091 3455 1253 3510 maluerim.

319 3538 376 3588 que
398 3523 452 3576 lroo
469 3528 552 3590 pacto
575 3521 736 3589 jejunitatis
760 3519 910 3575 scholiastt
935 3525 1125 3590 exprobratae
1143 3524 1254 3578 crimen

258 3593 282 3656 J
320 3589 351 3644 in
369 3605 413 3643 mc
430 3589 597 3657 admittere,
629 3606 710 3657 quam
729 3589 758 3642 iu
776 3589 991 3645 Bluemnerl
1012 3604 1118 3648 temere
1135 3591 1255 3660 acquie-

320 3675 404 3713 scere
426 3658 576 3715 sententia.
616 3663 655 3714 At
681 3658 755 3712 enim
781 3657 808 3712 in
837 3660 892 3712 lroc
920 3659 985 3716 loco
1011 3675 1110 3732 aperte
1136 3679 1191 3716 non
1217 3662 1254 3716 de

319 3744 448 3853 llllllt
462 3727 568 3850 tlt}
586 3727 1184 3863 littlltltttlttztt‘rtt‘sttlt
1200 3732 1255 3855 ἓέῐ

324 3863 438 3946 Quippe
463 3833 582 3921 Orestai
616 3881 678 3920 cum
707 3865 804 3918 bellua
829 3813 908 3919 lirro
943 3817 1033 3938 petgita
1066 3836 1255 3936 comparatur,

256 3959 257 3966 .
322 3932 428 3988 Furiae
445 3951 507 3989 cum
532 3933 651 3988 canibus
677 3933 792 3988 cruoris
818 3934 941 4002 vestigia
959 3937 989 3990 in
1007 3938 1071 3991 solo
1089 3952 1256 4008 comparen-

324 4001 365 4056 tla
382 4003 631 4074 persequentibus.
683 4004 777 4060 Quare
795 4018 847 4056 neo
864 4002 928 4073 ipse
946 4021 1000 4072 ego
1022 4005 1143 4060 alterum
1162 4007 1258 4059 locum

326 4087 388 4126 cum
407 4073 500 4129 altero
519 4087 688 4145 componere
707 4071 857 4138 debebam,
877 4082 908 4125 ut
926 4072 983 4128 leci
1003 4075 1032 4128 ln
1050 4074 1098 4143 iis,
1118 4089 1190 4142 quae
1209 4091 1257 4129 re·
