2652 4688
267 361 343 439 240

309 534 428 598 Plautio
449 531 565 615 (Λύγξ,
591 531 658 617 οὐχὶ
679 531 788 617 λυγμὸς
808 529 942 596 καλεῖται
961 529 1022 594 ὑπὸ
1042 535 1102 596 ctio
1121 531 1280 596 Ἀττικῶι

309 629 343 682 ot
371 620 498 680 Thomu
529 620 690 704 Magistro
719 617 836 700 (sliri,
879 615 953 701 ὅπερ
986 617 1052 678 ioci
1077 615 1208 682 κάλλιυυ
1241 643 1281 679 τυ

308 701 431 784 λυγμὸς)
452 705 576 774 notarit
610 721 801 785 quamquam
823 704 950 778 nescio,
973 701 1010 762 hi
1029 710 1141 763 utram
1163 711 1281 763 utram

306 807 389 870 quac
403 787 494 850 vocis
511 787 782 872 significationum
798 785 994 868 respiciant,
1016 801 1059 846 an
1076 787 1191 868 potino
1205 805 1281 846 eam

307 891 326 931 o
354 889 417 952 qua
444 873 594 932 alioctnm
624 871 800 935 ventriculi
829 868 973 932 denotat.
995 904 1038 920 -
1079 871 1158 935 Lin.
1179 872 1218 947 3,
1251 871 1281 929 al

307 958 372 1016 ima
393 973 483 1039 μθ,
505 956 613 1016 acribo
635 951 815 1035 ἆυαλυγμός.

308 1041 362 1100 llo
389 1039 563 1123 gonoribus
594 1039 798 1100 crudelitatis
831 1039 987 1100 unhcroo
1019 1037 1084 1099 hoc
1112 1037 1189 1100 loco
1225 1058 1282 1096 rna

308 1123 444 1184 moratis
483 1126 542 1184 cir.
570 1122 752 1208 Bocltigoti
779 1117 892 1184 adnot.
921 1122 956 1182 in
984 1121 1074 1183 lilim
1104 1120 1147 1182 dc
1178 1141 1282 1203 parson

307 1223 348 1266 na
386 1206 556 1266 Furiarum
594 1225 625 1287 p.
648 1207 711 1282 81,
752 1206 809 1288 qui
848 1214 957 1266 tamon
997 1205 1065 1265 don
1102 1203 1282 1266 audiondn

305 1299 373 1367 ort,
404 1309 503 1372 quum
523 1290 622 1352 acrba*
644 1289 816 1373 ont'ppaaor
837 1285 1107 1370 incompactum
1127 1285 1170 1352 dc
1192 1289 1282 1349 abor

305 1383 357 1436 tua
389 1374 622 1455 procuratione
655 1371 869 1459 intelligenda
900 1391 970 1436 cono
1000 1381 1121 1436 causat.
1177 1380 1282 1454 Kopu

304 1453 409 1532 υιστῆς
438 1453 535 1538 μόρος
567 1466 768 1519 memoratur
798 1459 896 1518 ctiam
927 1454 1014 1539 apud
1043 1457 1157 1538 Enrip.
1190 1457 1283 1516 Rhea

304 1543 363 1608 Vs.
383 1542 463 1616 813,
488 1541 661 1619 πυλυα1μωυ
691 1538 799 1620 φόνιος·
829 1537 971 1604 ἀποκοπὰ
997 1537 1114 1624 κρατὸς
1134 1539 1283 1620 Aeschyl

305 1624 417 1708 Soppl.
440 1624 496 1688 Vs.
517 1625 589 1689 821.
633 1626 805 1686 Praeterea
834 1623 875 1686 dc
904 1642 1010 1705 poena
1036 1625 1215 1686 oculorum
1246 1629 1283 1684 ei-

303 1712 463 1772 locrorum
485 1717 616 1790 praetor
630 1707 810 1786 Stanlojum
830 1706 887 1770 adi
899 1705 1121 1772 Wclckerum
1143 1709 1180 1770 in
1197 1708 1283 1768 Zim-

303 1795 484 1856 rncrmanni
506 1793 642 1854 Dinonis
668 1793 792 1854 literar.
819 1810 850 1854 a.
874 1794 971 1868 1834,
992 1791 1054 1854 Nr.
1077 1787 1137 1867 97,
1179 1835 1187 1853 .
1212 1793 1283 1866 778,

304 1887 370 1938 not.
389 1880 421 1942 5.
443 1885 475 1938 et
496 1874 531 1940 G.
554 1876 606 1941 Fr.
628 1877 851 1941 Hermannum
873 1877 1002 1956 Quaeri.
1019 1813 1184 1958 OedipoX.
1205 1874 1284 1957 Cap.

302 1961 332 2037 1,
353 1966 433 2042 pti,
455 1963 592 2033 not193
615 1958 655 2022 de
676 1962 809 2021 abortus
829 1961 1062 2041 procuratione
1084 1961 1162 2037 juro¹
1180 1961 1284 2020 Attico

302 2064 407 2125 poena
427 2045 596 2126 proposito
615 2044 734 2117 vetita,
755 2059 836 2125 quoa
857 2045 974 2106 citavit
989 2043 1231 2106 Waohstnuth.
1251 2047 1281 2102 in

303 2125 496 2208 compendio
521 2127 599 2189 Anti
646 2129 682 2188 it.
705 2127 820 2190 Gracc.
846 2128 922 2190 Vol.
946 2127 977 2204 1,
999 2146 1031 2209 p.
1053 2129 1092 2204 2,
1114 2147 1197 2212 pag.
1217 2131 1274 2200 269,

303 2219 372 2272 not.
394 2211 472 2287 208,
492 2245 533 2258 -
565 2229 583 2273 o
624 2231 675 2272 cm
698 2219 805 2272 moran
826 2209 1074 2274 commandatur
1094 2211 1141 2270 ab
1166 2215 1267 2273 Aristo

302 2296 367 2358 talo
388 2296 424 2356 in
443 2294 538 2356 libro
559 2291 600 2356 do
626 2296 744 2377 politia
773 2297 808 2356 in
837 2297 1005 2359 hominum
1035 2295 1147 2356 nimia
1179 2297 1265 2378 copiola

301 2379 342 2444 dc
363 2381 559 2442 castratione
586 2380 725 2441 maximo
753 2381 788 2440 in
817 2381 923 2441 insula
942 2377 1026 2441 Chio
1047 2381 1142 2439 iacta
1164 2376 1270 2442 Herod.

300 2463 392 2542 VIII,
419 2465 486 2527 105.
517 2471 551 2524 ct
578 2463 695 2526 Athen.
718 2462 782 2535 Vl,
805 2467 883 2539 266,
905 2465 958 2535 Ra
1001 2461 1043 2524 dc
1078 2463 1274 2543 lapidatione

300 2559 431 2628 praeter
451 2547 629 2625 Stnnlcjum
651 2544 698 2608 ad'
713 2545 801 2628 Sept.
823 2568 850 2610 c.
874 2547 978 2610 Thcb.
1001 2546 1060 2607 Vs.
1084 2549 1186 2612 205.:
1224 2549 1276 2610 Da·

300 2652 377 2696 wcs.
406 2631 547 2692 Miscell.
578 2632 652 2694 crit.
680 2649 712 2712 p.
736 2633 814 2710 308,
852 2628 1031 2694 Blomliald.
1062 2629 1216 2694 Gloaaac.
1242 2629 1277 2690 ad

299 2717 413 2778 dam.
436 2715 492 2776 Va·
517 2715 613 2791 1600,
647 2713 878 2777 Wachamuth.
909 2715 930 2776 l.
952 2733 980 2778 c.
1013 2713 1091 2778 Vol.
1117 2716 1170 2791 ΙΙ,
1203 2736 1232 2798 p.
1252 2719 1276 2784 1,

298 2736 401 2860 ccidit.
422 2799 470 2871 3-3‘
503 2797 543 2860 do
564 2799 813 2862 obtruncatione
835 2800 932 2860 Hom.
957 2795 1071 2877 odyn.
1094 2795 1207 2876 XXII,
1225 2801 1278 2862 475

299 2904 387 2964 sqq„
425 2901 519 2963 quam
548 2883 656 2944 locum
677 2884 793 2944 citavit
813 2882 965 2944 Klauacn.
987 2880 1029 2942 ad
1051 2879 1206 2965 Cho'cph.
1228 2883 1277 2944 Vs.

300 2969 376 3042 419,
399 2974 432 3025 ct
445 2964 487 3024 ad
499 2967 588 3047 'qnos
604 2963 714 3028 adnot.
732 2965 773 3026 ad
795 2965 933 3028 aliodem
954 2965 1063 3027 locum
1085 2969 1276 3046 provocavit

299 3049 479 3128 Stanlajus‚
512 3049 777 3112 modo-altorum
808 3052 902 3128 hujus
929 3049 1087 3132 supplicii
1117 3071 1227 3136 genna
1244 3051 1278 3110 ab

299 3135 406 3195 altero
428 3141 516 3196 recta
533 3132 715 3207 discernao3
739 3131 878 3215 deniquo
896 3131 936 3195 da
956 3133 1130 3215 palatinae
1152 3145 1278 3217 praeter

298 3237 370 3294 eos,
407 3237 488 3299 quos
509 3215 707 3280 VValtoiiold.
739 3219 773 3278 in
795 3216 876 3280 silv.
900 3215 981 3280 Crit.
1004 3215 1039 3278 P.
1063 3217 1107 3294 11,
1132 3239 1165 3300 p.
1191 3224 1236 3284 63
1256 3227 1280 3278 al

297 3300 407 3364 adnot
429 3299 471 3360 ad
492 3301 526 3366 h.
547 3303 569 3362 l.
593 3300 769 3377 indicavit,
791 3321 810 3364 c
830 3301 966 3386 tragicis
986 3301 1207 3382 potissimum
1229 3305 1280 3364 Eu·

297 3382 397 3467 ripid.
420 3384 525 3470 lphig.
549 3387 583 3446 in
606 3385 705 3448 Taur.
727 3387 783 3447 Vs.
806 3387 907 3460 1395,·
931 3383 1051 3446 Electr.
1075 3387 1157 3462 002,
1192 3387 1279 3448 Rhea.

295 3473 368 3534 510.
383 3467 521 3545 Matth.‚
543 3470 660 3550 quibua
682 3471 717 3530 in
738 3470 836 3546 locis,
858 3478 992 3550 excepto
1013 3469 1193 3547 racundo„
1218 3473 1278 3532 bar-

296 3555 368 3618 bari
399 3551 542 3614 dicantes
572 3552 782 3617 inducuntur.
825 3550 920 3634 Apud
951 3551 1096 3616 Graecot
1129 3557 1279 3618 cultioris

297 3646 386 3700 certa
407 3638 480 3698 aevi
501 3637 664 3699 carnificis
687 3640 900 3700 instrumenta
922 3645 1033 3698 orant:
1062 3636 1223 3722 gladius,
1247 3642 1282 3700 la·

297 3743 417 3805 quens,
441 3715 648 3802 tympanum,
668 3739 846 3798 vencnum,
869 3722 988 3797 doum,
1009 3729 1049 3781 ut
1070 3733 1193 3785 monet
1217 3724 1280 3784 Pol·

253 3803 643 3976 Ρυὲῗι4ἕηλ111711εῗι202.
697 3887 807 3952 Hodie
828 3907 893 3949 non
917 3839 1067 3963 dubito,¹
1093 3889 1181 3969 quin
1207 3892 1280 3952 falso

294 3978 475 4056 suspicatur
502 3974 582 4050 sim,
617 3975 825 4036 aclroliaatam
853 3991 915 4054 pro
941 3966 1001 4050 γὰρ
1023 3973 1192 4054 scriptum
1218 3995 1279 4053 rep

294 4061 434 4136 parione:
468 4052 566 4136 παρὰ.
616 4058 730 4122 Potina
758 4055 984 4132 crediderint‚›
1005 4053 1102 4134 hujus
1125 4060 1234 4122 verba
1255 4062 1279 4116 in
