2794 4692
207 348 312 428 LXX

210 525 363 626 petitum
390 516 614 609 afferturifl).
668 517 769 614 Ergo
796 522 986 601 monetur,
1011 518 1052 582 ut
1074 521 1248 604 perpetuo

211 627 309 702 oculi
343 621 672 707 circumferantur,
716 637 763 686 ne
796 609 927 685 matris
962 608 1147 707 parricida
1172 608 1250 680 sur-

211 731 289 804 tiva
313 727 401 825 luga
427 748 465 797 se
479 718 672 804 subtrahat
696 711 909 810 impunitus.
963 711 1042 803 Quo
1067 709 1166 784 facto
1186 708 1250 780 hic

212 827 330 904 oculis
370 820 649 920 deprehenditur
682 813 852 890 manibus
889 813 1057 906 amplexu
1089 811 1252 885 circum-

214 929 357 1027 plicatis
400 941 524 1014 tenena
568 919 810 995 simulacrum
843 914 1041 986 Minervae.
1110 915 1142 984 E
1180 933 1251 1006 quo

218 1055 328 1128 quum
365 1037 549 1124 appareat,
588 1043 674 1094 eum
704 1014 883 1114 praesidio
909 1012 994 1088 deae
1023 1009 1253 1109 impetrando

323 1242 436 1308 tiniam,
469 1256 552 1309 quam
571 1241 618 1296 uel
636 1257 674 1296 ex
691 1258 726 1295 eo
744 1237 877 1295 concludi
900 1235 1006 1310 possit,
1038 1235 1113 1305 qnod
1131 1249 1256 1298 carmen,

236 1346 241 1356 ·
324 1312 362 1367 de
379 1327 436 1380 quo
453 1311 564 1376 agitur,
595 1326 652 1365 non
671 1327 725 1382 per
740 1311 874 1380 strophas
892 1318 977 1376 atque
994 1306 1186 1376 antistropbas
1205 1304 1257 1356 de·

322 1381 432 1444 currit,
451 1387 507 1433 tum
526 1380 593 1435 inde
610 1380 772 1434 luculenter
790 1385 921 1449 apparet,
940 1377 1014 1444 quod
1034 1377 1187 1428 choraulae
1205 1372 1259 1424 de-

321 1465 395 1504 mam
419 1449 469 1504 Vs.
487 1450 538 1503 39⁷
560 1445 641 1518 κόρον
663 1443 907 1518 irretiebantur,
942 1444 1109 1499 eromuino
1133 1444 1179 1497 vel
1200 1457 1259 1528 pro

209 1557 227 1564 ,.
326 1527 402 1574 statu
420 1533 513 1571 rerum
530 1525 747 1572 consentaneum
764 1526 818 1570 est.
853 1514 961 1572 Furiae
980 1513 1054 1566 enim
1071 1524 1104 1568 ut
1120 1508 1261 1578 σποραδην

324 1587 355 1640 ia
381 1587 554 1640 orchestram
577 1586 724 1654 ingressae
750 1594 848 1651 erant,
884 1585 926 1639 ita
949 1583 1035 1638 etiam
1063 1583 1091 1636 in
1111 1583 1261 1636 orchestra

326 1671 444 1726 sparsae
470 1666 583 1717 manent
609 1655 724 1724 singula
750 1669 879 1724 quaeque
907 1655 972 1706 loca
997 1654 1204 1722 perlustrantes
1231 1659 1263 1705 et

327 1726 434 1780 Oreste
452 1724 547 1780 oculis
565 1724 745 1794 deprehenso
764 1723 869 1779 sensim
887 1737 947 1776 eam
965 1720 1114 1775 stationem
1132 1719 1260 1791 capiunt,

329 1809 385 1862 qua
406 1795 515 1860 locum,
550 1793 601 1846 nbi
619 1792 645 1847 is
664 1794 760 1859 sedet,
796 1793 945 1860 cingentes
964 1792 1164 1858 quodammodo
1189 1788 1261 1843 viam

329 1873 417 1929 atque
434 1864 527 1928 lugam
544 1859 738 1916 intercludere
756 1875 842 1930 posse
859 1861 1017 1914 videantur.
1298 1897 1301 1902 n

248 1931 294 2000 58)
329 1931 436 1985 Mirum
455 1929 548 1983 videri
566 1931 675 2000 possit,
694 1931 769 1998 quod
783 1928 888 1983 Furiae
906 1930 942 1982 de
960 1928 1106 1996 sanguinis
1124 1927 1212 1998 gattis
1231 1927 1262 1981 in

328 2000 393 2054 solo
423 1999 652 2080 comparentibus
685 2001 853 2066 loquuntur,
887 2011 975 2064 seque
1007 1998 1154 2068 sanguinis
1189 1997 1261 2051 odo·

330 2084 392 2123 rem
410 2083 564 2138 percipere
582 2067 761 2138 praedicant,
794 2084 854 2121 non
869 2066 968 2133 illius,
996 2083 1052 2134 quo
1071 2085 1102 2122 se
1119 2069 1265 2136 polluerat

331 2138 452 2192 Orestes
470 2147 585 2192 matrem
605 2137 782 2192 interficiens
801 2139 940 2204 cujusque
965 2136 1024 2208 ipsi
1040 2138 1076 2190 ab
1096 2137 1159 2205 ipso
1178 2135 1264 2190 initio

334 2206 449 2262 tabulae
468 2222 569 2260 revera
591 2209 716 2260 maculas
741 2207 897 2262 adhaerere
917 2205 1039 2259 vidimus
1057 2209 1177 2261 nondum
1195 2222 1266 2277 pur-

236 2315 240 2322 ·
334 2285 419 2344 gato,
443 2276 493 2329 sed
513 2278 590 2342 eius,
615 2293 697 2342 quem
716 2277 779 2346 ipse
799 2275 960 2344 profuderit
977 2275 1075 2330 nescio
1093 2291 1109 2328 a
1127 2289 1183 2344 quo
1201 2279 1267 2328 sau·

335 2345 442 2411 clatus,
479 2361 562 2413 quum
586 2354 676 2399 tamen
694 2346 751 2399 hoc
771 2343 922 2412 quominus
944 2345 1047 2398 lactum
1072 2345 1163 2398 luisse
1182 2355 1266 2416 pute-

238 2445 241 2450 ·
333 2427 395 2468 mus
413 2414 459 2468 vel
477 2415 540 2469 sola
558 2414 695 2481 cogitatio
714 2415 752 2468 de
776 2413 936 2486 patrocinio
954 2414 1067 2468 erroris
1085 2431 1102 2468 a
1119 2414 1267 2469 Mercurio

335 2493 472 2552 suscepto
495 2484 665 2554 prohibeat,
700 2500 769 2552 ergo
794 2485 840 2537 vel
865 2484 919 2536 hac
937 2483 973 2535 de
997 2497 1096 2536 caussa
1121 2482 1268 2552 sanguinis

332 2569 388 2608 aec
412 2553 512 2607 stillae
536 2553 650 2624 possint
672 2552 702 2607 iu
727 2554 792 2606 solo
816 2553 987 2621 conspicuae
1011 2553 1102 2606 luisse
1125 2569 1177 2605 nec
1197 2553 1270 2604 odor
1382 2613 1383 2620 χ

335 2622 372 2674 ab
397 2619 512 2675 bomine
537 2632 659 2692 purgato
676 2632 762 2688 atque
788 2621 940 2686 incolumi,
977 2623 1058 2688 quem
1083 2622 1128 2674 vel
1146 2619 1213 2674 aliis
1233 2620 1270 2672 de

338 2691 450 2744 caussis
470 2706 572 2743 revera
589 2708 651 2745 cum
669 2689 835 2745 vulneribus
852 2692 1019 2760 productum
1044 2691 1134 2744 luisse
1158 2705 1270 2742 sumere
1330 2733 1336 2744 .

337 2758 466 2840 ineptum
484 2759 575 2824 loret,
602 2760 779 2830 provenisse.
822 2760 902 2826 Ergo
919 2771 1061 2827 nugantur
1077 2757 1196 2824 Furiae,
1224 2757 1271 2811 in·

338 2839 468 2899 eptrunt,
501 2828 643 2896 delirant,
662 2859 695 2870 -
727 2830 782 2881 boc
799 2828 897 2896 negari
916 2830 1023 2896 nequit.
1069 2827 1175 2884 Verum
1195 2826 1272 2881 enirn

338 2912 408 2952 vero
426 2912 491 2952 aum
508 2897 722 2966 acquiescemus
737 2896 766 2950 in
783 2896 887 2950 solatio
904 2898 1089 2964 scholiastae,
1106 2913 1273 2964 quamquam

342 2965 388 3019 rei
413 2965 506 3037 ipsius
533 2966 606 3021 haud
625 2967 738 3021 omnino
756 2982 849 3019 veram
869 2966 994 3037 speciem
1009 2967 1168 3050 sapientise
1203 2984 1274 3034 φαν-
1382 3011 1383 3018 ,

341 3037 423 3090 caclo
439 3028 487 3089 adv
503 3031 655 3104 ἀμήχανος·
672 3031 740 3088 oillei
758 3040 803 3086 aui
820 3041 974 3102 συγκέχυται
988 3055 1022 3108 τῃ
1039 3032 1273 3104 aapadogoloyr'p?

340 3105 406 3158 Noa
433 3121 451 3157 o
473 3107 549 3160 inor.
593 3105 709 3185 Quippe
735 3103 874 3158 tribuitur
900 3107 955 3160 boc
979 3105 1047 3160 loco
1072 3105 1173 3162 Furiis
1200 3102 1274 3173 ipsis

341 3173 419 3242 quod
437 3123 511 3228 aiias
535 3171 591 3238 iis,
626 3190 678 3241 qur
695 3187 790 3226 earum
810 3173 865 3227 vim
884 3175 1001 3246 experti
1020 3185 1099 3242 sunt,
1134 3183 1165 3228 ut
1182 3183 1275 3226 mente

343 3242 421 3313 capti
446 3241 540 3297 videri
564 3241 623 3296 sibi
640 3252 670 3296 et
687 3243 899 3313 persentiscere
917 3243 1065 3298 rideantur
1082 3245 1157 3312 quod
1176 3256 1277 3297 revera

342 3329 400 3366 noa
418 3321 472 3367 est.
515 3311 580 3368 Hoc
599 3329 666 3366 tero
685 3312 793 3378 fingere
811 3313 920 3367 licebat
937 3324 1040 3383 poetae
1057 3331 1106 3380 ea,
1133 3331 1205 3382 quae
1224 3328 1277 3383 po·

342 3380 440 3452 palari
459 3379 648 3452 persuasione
672 3381 792 3452 probata
813 3391 894 3435 erant
910 3393 997 3450 atque
1014 3383 1136 3450 sancita,
1168 3382 1277 3450 ample·

343 3450 452 3513 etenti,
488 3452 525 3504 de
551 3467 606 3518 quo
630 3453 686 3518 jam
712 3451 801 3504 semel
824 3450 947 3504 vidimus
974 3452 1107 3522 superius
1133 3469 1160 3522 p.
1180 3449 1277 3514 XLII,

344 3519 407 3574 ada.
425 3519 469 3574 st.
504 3519 583 3587 Ergo
602 3535 650 3574 res
669 3535 729 3643 per
745 3535 777 3572 se
800 3517 864 3590 ipsa
880 3521 955 3575 nibil
974 3522 1041 3575 miri
1064 3523 1150 3576 habet
1167 3519 1280 3588 quodve
1382 3569 1383 3576 ,

346 3587 420 3642 vitio
437 3588 513 3644 verti
531 3589 635 3659 possit.
696 3589 730 3642 ed
749 3605 833 3656 quum
850 3588 896 3654 id,
916 3591 991 3656 quod
1009 3601 1095 3659 poeta
1112 3591 1216 3644 Furias
1236 3599 1277 3644 ta-

344 3655 390 3711 les
413 3658 606 3726 produxerat,
636 3658 684 3712 vel
702 3674 755 3728 per
772 3673 803 3709 se
826 3660 927 3728 procul
951 3659 1040 3713 dubio
1067 3660 1184 3713 multum
1210 3675 1279 3711 con·

261 3765 263 3772 .
348 3724 450 3780 tulerit
471 3727 509 3782 ad
534 3737 680 3798 stuporem
706 3725 826 3779 dandum
851 3737 881 3781 et
908 3728 1056 3782 horrorem
1074 3728 1280 3793 incutiendum,

348 3803 406 3848 tum
425 3793 472 3858 id,
492 3797 569 3862 quod
589 3812 647 3850 rem
665 3792 751 3848 simul
770 3795 814 3848 sic
833 3794 1011 3865 instituerat,
1038 3807 1070 3852 ut
1088 3797 1281 3865 cogitationes

349 3861 423 3916 illae
447 3864 539 3918 falsae
561 3863 727 3920 admirabili
750 3863 870 3932 quodam
893 3867 976 3920 modo
999 3867 1034 3920 ad
1060 3867 1178 3920 eundem
1196 3881 1282 3920 evea·

349 3940 408 3986 tam
432 3931 570 3989 ducerent
593 3940 758 4003 oporteret,
791 3933 870 3988 acsi
894 3933 1041 3989 veritatem
1065 3933 1282 3998 continuissent,

352 4000 427 4068 quod
446 3993 538 4072 ipsius
556 4001 699 4072 Aeschyli
720 4001 911 4056 necessarium
929 4003 1061 4072 quidem,
1092 4013 1121 4058 at
1137 4003 1284 4076 singulare

353 4081 445 4128 tamea
460 4081 489 4128 et
505 4086 639 4143 perquam
658 4071 836 4138 ingeniosum
853 4072 995 4129 inventum
1013 4081 1072 4141 est,
1089 4073 1199 4128 animos
1218 4089 1285 4145 spe·
