2728 4690
232 361 312 442 1⁷4

236 539 333 607 Tam.
354 536 389 618 1,
416 555 450 621 p.
471 535 550 618 685,
589 536 647 601 ubi
674 537 742 600 loci
774 537 880 602 nostri
907 540 1107 604 mentionem
1135 541 1259 622 injicit,

210 626 344 709 'prima
371 622 471 687 verba
499 623 548 697 sio
578 625 759 692 convertitz
804 635 896 686 snam
921 627 979 706 qui
1003 625 1091 686 nihil
1121 627 1259 688 sceleris

196 755 198 762 .
236 711 307 792 ipss
328 705 513 783 admiserit,
545 725 587 768 na
613 708 796 788 suspicatur
822 705 971 789 quidem«
993 746 1036 758 -
1057 725 1125 771 non
1151 712 1182 771 si
1206 711 1257 769 ni-

235 793 337 854 fieaus
357 799 483 868 umen,
511 788 674 870 quomodo
701 788 839 889 legenda
859 810 927 852 essa
949 793 1124 857 existimet.
1220 811 1266 867 aq

234 876 302 938 lam
331 881 439 935 sutem
468 875 660 935 sententiam
681 881 804 956 optime
834 893 869 937 sa
890 872 1024 952 habere,
1058 894 1154 939 namo
1182 876 1255 955 jure

157 973 160 979 ’
235 958 414 1043 negaverit.
466 953 532 1018 Sed
558 953 708 1038 equidem
740 957 940 1039 putaverim,
975 968 1087 1040 aptum
1115 979 1254 1040 sumque

235 1042 378 1105 similam
406 1058 535 1102 sensum
567 1039 724 1102 extricari
759 1059 853 1122 possa
887 1060 906 1102 e
932 1043 1063 1129 vulgata
1096 1042 1250 1119 lectione,

235 1125 335 1188 etlam
363 1125 393 1186 si
421 1141 463 1186 ua
493 1124 624 1185 literam
653 1122 785 1206 quidem
812 1126 1010 1204 mutaveris,
1048 1123 1148 1188 modo
1177 1134 1253 1208 post

234 1207 430 1272 vocabulum
457 1204 579 1288 βαρέων
598 1215 757 1270 commata
784 1209 1013 1294 interpungas:
1049 1211 1139 1292 squi
1156 1205 1251 1271 ὀοο

231 1299 431 1375 ,expertus
462 1295 522 1353 est
550 1290 674 1369 mala,
705 1291 849 1356 harum
878 1289 1146 1355 nascitunda
1166 1292 1250 1376 pla·

234 1395 310 1464 gae
336 1376 471 1439 vitae«
494 1392 554 1449 -3
587 1371 621 1439 h.
644 1392 671 1436 ο.
702 1374 853 1436 felicibus
880 1375 989 1437 subito
1015 1378 1105 1439 vitae
1139 1378 1250 1522 plaqss

233 1460 387 1535 mittunt,
416 1458 545 1521 etiamsi
572 1458 637 1538 ipsi
665 1457 751 1518 nihil
771 1459 902 1521 sceleris
922 1461 1079 1538 fecerint,
1109 1468 1147 1522 ut
1160 1460 1187 1550 ,i
1211 1479 1249 1522 οο

233 1561 379 1606 caussam
411 1543 574 1620 nesciant,
603 1559 664 1603 cur
684 1541 884 1604 calamitates
911 1544 993 1604 istae
1019 1543 1085 1605 sibi
1105 1543 1249 1607 inferan-

233 1635 299 1689 tur.
346 1626 420 1703 Jem
439 1644 519 1690 vero
541 1643 601 1687 nec
621 1643 682 1712 ego
702 1623 819 1701 video,
849 1641 909 1688 cur
936 1627 1069 1689 omnino
1091 1645 1173 1710 opus
1193 1627 1248 1706 sit,

231 1718 272 1772 ut
286 1719 360 1794 post
379 1710 471 1793 σιμόν
489 1709 655 1771 inseratur
668 1709 786 1772 vocula
803 1707 845 1770 δέ.
889 1707 1008 1772 Verbis
1022 1709 1098 1792 μέγα
1111 1711 1249 1792 φωνοῦν-

231 1819 271 1856 τα
298 1793 487 1880 designatur
500 1791 616 1868 idem,
645 1793 703 1875 qui
731 1793 843 1874 paullo
870 1801 945 1855 anta
972 1804 1107 1857 vocatus
1127 1802 1194 1858 est:
1228 1793 1247 1855 ό

232 1875 273 1959 μὴ
295 1873 414 1959 κύρσας
433 1873 562 1958 βαρέων.
618 1873 707 1937 Inest
727 1885 835 1938 autem
866 1877 1003 1938 illorum
1022 1880 1117 1960 quasi
1145 1876 1249 1959 expli-

233 1963 322 2025 catio
349 1959 507 2042 quaedam
541 1961 578 2020 in
611 1957 717 2038 hisee,
753 1961 906 2044 quoniam
938 1961 995 2044 qui
1026 1962 1248 2027 calamitatum

231 2037 391 2107 immunes
412 2051 488 2105 sunt
507 2045 576 2106 fera
597 2043 704 2104 solent
723 2043 903 2124 superbire.
964 2042 1134 2106 Vocabula
1156 2046 1248 2147 σιμόν

232 2125 365 2207 ὄλεθρος
385 2127 523 2210 pulchra
544 2126 692 2207 apposita
712 2125 849 2187 suntad
870 2125 1116 2209 praecedentia:
1156 2151 1194 2189 τα
1213 2127 1246 2188 ἐν

190 2231 192 2244 ·
231 2208 386 2292 προτέρων
427 2203 635 2288 ἇπλακὴματα.
698 2208 775 2271 Post
810 2229 923 2274 vocem
953 2208 1058 2291 βιότου
1093 2220 1246 2294 quattuor

232 2294 377 2376 syllabae
404 2292 606 2363 exciderunt.
654 2291 751 2354 Putat
778 2294 883 2380 igitur
908 2294 1136 2375 Hermaunus,
1166 2294 1244 2358 scri·

231 2387 324 2464 ptum
343 2379 461 2443 fuisses
488 2375 708 2462 προςέπαιοαν.
732 2412 773 2425 -

596 2557 662 2629 Vs.
690 2551 768 2628 898
792 2581 874 2656 sqq.

351 2703 581 2788 Ἆενόροπήμων
602 2707 634 2769 δέ
654 2704 695 2788 μή
716 2706 801 2770 πνέοι
820 2703 933 2788 βλάβα,

353 2789 410 2854 τόν
431 2788 505 2872 έμόν
524 2789 616 2893 βάριν
637 2792 721 2874 λέγω*

230 2911 232 2918 ·
355 2872 526 2958 φλογμόςτ
555 2871 780 2960 ὀμματοστερὴς

354 2962 473 3042 quinis,
495 2956 529 3022 τό
550 2956 591 3040 μὴ
613 2962 708 3045 περᾶν
730 2959 804 3044 ὅρον
824 2954 933 3022 τόπων·

352 3039 422 3124 μηδ’
444 3041 584 3126 όναρπος
605 3045 676 3106 αἰα-

349 3125 406 3204 νὴς
426 3126 578 3210 ἐφερπέτω
599 3124 703 3201 νόσος·

349 3208 432 3293 μῆλά
452 3208 475 3274 τ’
497 3208 662 3276 εὐθενοῦντ’
685 3209 770 3293 ἄγαν,

351 3293 404 3370 §sip
425 3295 574 3360 διπλοῖσιν
593 3293 750 3379 ἐμβρύοις,

350 3378 458 3464 τρέφοι
477 3377 578 3463 χρόνῳ
597 3379 769 3461 τεταγμένῳ·
798 3374 887 3460 μόνος
907 3377 961 3421 **

238 3491 243 3500 ·
333 3461 546 3547 ’πλουτόχθων
566 3465 693 3547 ἑρμαίαν
1000 3478 1003 3490 “
1059 3467 1060 3475 ’

279 3608 282 3616 ,
351 3546 502 3630 δαιμόνων
522 3545 609 3612 δόσιν
627 3549 697 3612 τίοι.

309 3656 418 3718 Versu
439 3659 501 3722 900
530 3675 592 3742 pro
622 3653 754 3738 φλογμός
779 3651 804 3716 τ’
832 3656 869 3717 in
895 3651 967 3720 οοό.
990 3653 1079 3718 Μοό.
1102 3665 1137 3718 at
1157 3656 1250 3742 apud

227 3739 347 3804 Aldum
378 3760 416 3802 ac
442 3740 578 3802 Robort.
605 3740 727 3828 legitur
755 3735 901 3820 φλοιμμός
931 3741 1049 3801 omissa
1076 3743 1249 3824 particula

226 3847 269 3902 τε,
291 3827 391 3888 etiam
411 3826 447 3886 in
467 3823 538 3889 cod.
560 3822 669 3902 Med„
691 3831 772 3886 teste
792 3825 903 3888 collat.
923 3823 1088 3908 Weigel.;
1110 3826 1147 3884 iu
1169 3823 1248 3886 cod.

221 3909 305 3997 Bag.
328 3910 367 3973 L.
390 3910 556 3990 reperitur
577 3903 722 3989 φλοιμμός
742 3904 780 3969 δ’.
822 3907 959 3970 Nullum
980 3910 1085 3993 igitur
1105 3907 1250 3996 dubium

226 4002 334 4073 potest
359 4012 445 4069 essa,
481 3993 560 4074 quin
588 3994 708 4054 eximia
737 3991 920 4054 Hermanui
947 3992 1130 4053 eorrectio:
1167 3997 1250 4072 φλο-

224 4075 333 4156 μμοῒς,
369 4095 452 4160 quae
479 4077 577 4137 etiam
609 4095 737 4137 sensum
760 4076 902 4138 maxime
932 4077 1038 4155 juvat,
1066 4077 1249 4161 genuinam
