2728 4690
235 347 310 424 238
349 347 352 360 '

236 521 312 602 Pag.
335 523 390 600 19,
412 519 454 582 ad
476 519 532 584 Vs.
548 519 598 584 92.
642 520 773 585 Nollem
796 523 978 589 Hermanni
1000 528 1273 594 emendationem

277 603 411 685 ἐκνόμως
432 605 555 666 indicta
577 625 687 667 caussa
708 609 927 690 respuissem,
961 632 1002 673 ne
1022 612 1157 690 eodem,
1200 637 1272 698 quo

278 689 440 772 reliquas,
467 690 541 750 loco
564 689 714 772 habuisse
733 691 881 771 viderer,
904 715 1079 777 quaecum
1099 699 1272 760 facillima

276 775 337 847 sit,
376 782 445 835 tum
475 793 535 834 usu
556 776 646 835 vocis
667 773 812 854 ἐκνομίως
832 777 1072 860 Aristophaneo
1094 780 1178 856 (vid.
1203 783 1268 846 Vs.

277 858 349 922 982.
372 879 445 918 cum
466 855 574 919 adnot.
598 857 782 921 Hemsterh.
805 869 838 922 et
857 860 959 926 schol.
983 873 1079 946 atque
1099 865 1158 928 Vs.
1171 869 1269 940 993.)

277 950 310 1001 et
340 946 534 1006 auctoritate
555 939 675 1002 Suidae
704 943 743 1021 (s.
766 944 823 1005 Vs.
845 943 1004 1025 ἐκνομίως)
1030 949 1108 1010 satis
1140 953 1269 1010 confir-

277 1037 364 1090 mata
393 1027 502 1091 videri
530 1027 649 1108 possit,
692 1029 750 1108 qui
782 1025 899 1091 iisdem
926 1034 1015 1109 iere,
1057 1051 1140 1112 quae
1171 1034 1269 1114 apud

278 1112 379 1172 schol.
402 1109 569 1191 aristoph.
599 1113 826 1192 reperiuntur,
864 1114 973 1175 ve'rbis
1002 1117 1117 1197 positis
1147 1115 1265 1178 addit:

278 1196 392 1276 λέγεται
409 1197 440 1256 δὲ
457 1197 509 1256 καὶ
521 1190 669 1278 ἐννόμως.
705 1192 769 1256 Sed
792 1194 980 1258 dubitabam
995 1198 1156 1281 equidem,
1179 1221 1268 1263 num

276 1303 370 1342 nsum
386 1279 522 1356 Comici,
544 1278 578 1336 iu
602 1276 759 1356 ejusmodi
778 1278 908 1362 quidem
927 1283 1105 1360 vocabulis,
1127 1285 1163 1344 in
1187 1287 1269 1366 qui-

245 1379 251 1389 ·
278 1366 336 1425 bus
353 1383 419 1426 non
437 1366 541 1424 solum
556 1361 753 1444 scriptorum
772 1370 928 1444 tempora,
947 1365 1119 1429 sedetiam
1136 1387 1265 1453 genera

278 1445 489 1510 discernenda
524 1445 696 1524 videntur,
737 1453 859 1508 temore
889 1447 930 1508 ad
968 1452 1111 1537 tragicos
1144 1459 1264 1533 poetas

267 1531 448 1595 'traducere
470 1531 593 1592 liceret.
637 1530 687 1590 De
706 1528 819 1616 Agant.
842 1529 899 1593 Vs.
918 1533 1008 1597 1452.
1032 1553 1166 1618 prorsus
1193 1555 1265 1596 non

277 1621 389 1700 liquet.
422 1616 472 1677 De
491 1616 594 1675 simili
615 1633 676 1674 usn
692 1616 783 1676 vocis
804 1612 938 1685 ἐξαίσιον
959 1617 1081 1678 nollem
1095 1617 1264 1679 Herman-

277 1723 337 1762 nus
357 1699 399 1762 ad
419 1700 517 1761 Hom.
534 1696 649 1778 Odyss.
664 1695 771 1772 XVII,
788 1699 861 1763 577.
883 1709 1107 1781 provocasset3
1151 1710 1204 1764 est
1231 1705 1261 1762 is

277 1807 353 1849 sane
374 1782 461 1846 haud
479 1803 573 1844 ramas
590 1783 729 1851 maxime
745 1780 832 1862 apud
847 1783 1009 1865 sequioris
1026 1787 1099 1847 aovi
1115 1787 1261 1866 scripto-

276 1891 346 1948 res,
381 1867 450 1932 vid.
471 1887 551 1950 quos
580 1868 694 1928 citavit
714 1865 899 1926 Heinicheu
927 1865 969 1928 ad
988 1867 1103 1932 Euseb.
1125 1869 1260 1930 Histor.

276 1954 395 2016 Eccles.
409 1953 483 2014 Lib.
497 1951 540 2028 11,
556 1953 606 2014 17.
624 1948 778 2028 Judicent
799 1948 932 2012 eruditi.
947 1949 1108 2030 Adjectivi
1129 1949 1264 2034 ἔννομος

276 2040 394 2100 similis
424 2034 556 2117 quidem
593 2031 831 2116 quodammodo
865 2035 894 2094 si
917 2035 1062 2098 uilioatio
1090 2045 1158 2112 est,
1203 2036 1262 2099 sed

146 2193 150 2203 l
276 2119 363 2201 apud
381 2119 484 2200 Orph.
501 2119 683 2202 Argonaut.
696 2115 761 2176 .Vs.
778 2119 829 2178 60.
911 2137 981 2180 eam
1003 2123 1261 2198 correctionem,

277 2221 471 2286 quamquam
488 2199 761 2275 minusfacilem,
782 2209 821 2260 ut
836 2205 1053 2281 praeferrem,
1075 2214 1258 2286 praeterea,

247 2289 374 2350 sicuti
402 2283 563 2361 indicavi,
606 2284 686 2346 lecit
712 2283 896 2346 scholiastis
922 2287 1116 2390 explieatip,
1161 2307 1260 2369 quem

276 2366 1261 2535 11961ῑὲἕὲ33911ΐῖ21119....19ῑί1ῖί91

276 2540 493 2604 cumscribere
513 2539 674 2612 voluisse3
716 2534 772 2598 sed
794 2536 857 2598 hoc
883 2545 979 2618 pacto
999 2539 1093 2600 verbi
1107 2537 1261 2619 «ἐκνόμων

275 2626 327 2689 vel
350 2620 564 2706 quodcunque
592 2618 684 2682 aliud
712 2619 787 2680 loco
809 2621 876 2702 ejus
899 2620 940 2682 ob
969 2623 1081 2684 oculos
1103 2623 1261 2701 habebat,

275 2709 399 2770 nullam
430 2708 563 2768 omnino
600 2705 762 2764 rationem
795 2701 945 2766 habuisse
982 2703 1143 2786 putandus
1172 2717 1260 2768 erat.

274 2794 425 2856 Ceterum
438 2789 573 2852 verbum
590 2785 711 2867 ἕντιμᾶν
726 2785 838 2848 eadem
856 2806 929 2847 cum
945 2789 980 2850 vi
997 2792 1139 2871 positum
1159 2810 1261 2874 repe-

243 2873 245 2878 ’
273 2879 361 2938 ritur
381 2871 468 2955 apud
488 2871 641 2952 Sophocl.
662 2871 781 2932 Electr.
804 2871 861 2934 Vs.
884 2873 934 2936 64.
977 2872 1123 2956 Emperii
1142 2894 1260 2937 emen-

273 2961 439 3022 dationem
457 2951 606 3036 ἐκγὸνων,
635 2973 740 3036 nuper
760 2956 795 3016 in
812 2955 903 3018 Actis
919 2953 1093 3019 Societatis
1110 2955 1259 3021 Graecae

274 3042 455 3126 Lipsiensis
476 3041 551 3104 Vol.
573 3041 600 3116 1,
629 3039 716 3102 Fasc.
738 3039 786 3115 11,
809 3061 841 3122 p.
864 3041 905 3102 99
925 3043 1145 3122 propositam,
1185 3064 1258 3106 non

276 3147 400 3190 moror.

233 3247 273 3260 —
294 3215 411 3294 24sq.,
431 3207 474 3270 ad
495 3208 551 3272 Vs.
575 3209 635 3272 104
645 3228 691 3289 aq.
713 3215 746 3266 et
768 3206 827 3270 115
839 3225 904 3288 sq.,
932 3206 961 3266 si
983 3209 1067 3269 tanti
1088 3217 1154 3286 est,
1193 3213 1257 3272 cfr.

273 3300 377 3360 etiam*
412 3313 494 3376 quae
533 3298 764 3376 congesserunt
801 3287 980 3354 Blomfield.
1024 3290 1168 3354 Glossar.
1214 3291 1257 3354 ad

273 3369 389 3444 Aesch.
411 3377 519 3438 Prom.
542 3372 599 3438 Vs.
621 3377 692 3439 676.
714 3383 748 3436 et
768 3371 892 3460 Pilugk.
924 3370 1036 3438 adnot.
1068 3375 1109 3438 ad
1136 3377 1256 3459 Eurip.

272 3463 405 3526 Heracl.
427 3460 485 3521 Vs.
508 3462 579 3526 994·

271 3549 356 3610 Mox
376 3543 419 3608 ad
438 3544 494 3606 Vs.
518 3549 586 3608 116.
609 3563 649 3605 ex
675 3563 741 3606 uuo
763 3541 834 3607 cod.
857 3543 939 3630 neg..
956 3543 995 3604 L.
1024 3541 1110 3624 apud
1137 3543 1254 3606 Facias.

272 3651 334 3716 pro
355 3626 453 3690 πάντα
471 3629 566 3690 ταῦτα
590 3633 743 3688 enotatur
769 3629 900 3690 inverso
929 3625 1046 3688 ordine
1073 3629 1257 3708 scriptum:

271 3719 366 3779 ταῦτα
396 3710 506 3776 πάντα.
549 3710 627 3774 Vid.
658 3709 801 3774 Lobeek.
829 3710 939 3774 adnot.
968 3708 1011 3772 ad
1039 3707 1140 3794 Soph.
1162 3711 1255 3790 Ajac.

272 3800 495 3948 {pbiffivs'
518 3882 587 3944 112.
609 3897 669 3963 pro
699 3882 863 3962 scriptura
890 3874 1091 3962 ἀρκυσμάτων
1119 3887 1257 3959 praeter

273 3970 376 4030 libros
404 3963 640 4028 aVVellauero
671 3965 787 4026 citatos
814 3982 881 4026 uon
909 3963 1017 4034 solum
1042 3965 1123 4026 lacit
1152 3965 1255 4024 lectio

272 4051 361 4113 Med.
384 4071 402 4112 e
425 4049 535 4113 collat.
556 4047 722 4134 VVeigel.:
762 4044 997 4130 ἁρκουσμάτων,
1020 4048 1078 4109 ubi
1098 4045 1145 4116 ad¹
1162 4065 1255 4128 aspe-
