2812 4690
128 512 280 616 δοςρῖἤοιο·
300 527 401 600 etism
426 531 465 596 iu
490 530 641 620 margine
659 527 789 599 Askew.
811 527 970 619 scriplum
998 547 1083 612 esso,
1116 525 1152 596 id

127 617 218 701 quod
238 618 344 680 mmor
364 635 385 685 e
403 615 605 682 Wollauero
625 617 761 678 omniuo
788 635 856 681 non
876 620 1048 681 monitum.
1092 615 1153 679 Ce-

128 711 238 765 terum
255 702 314 766 vix
334 719 416 782 opus
436 708 504 778 est,
539 708 578 761 ut
607 705 775 777 notemus,
811 709 941 784 postam
963 702 1071 785 ipsum
1091 715 1152 762 neo

127 785 283 848 tribuisse
303 785 406 848 verbo
428 777 576 863 donnini
598 779 749 858 eandem,
771 801 868 882 quam
888 783 1076 848 scholiastes
1096 805 1152 849 re·

128 869 187 946 lit,
216 867 510 952 significationem,
538 884 600 928 nec
629 874 849 928 construxisse
876 865 961 929 illud
982 887 1057 930 cum
1075 866 1153 950 πέμ-

127 975 211 1028 πειν,
245 949 303 1014 sed
330 951 513 1012 arctissima
542 950 748 1028 conjunxisse
771 946 880 1013 videri
899 951 1058 1014 vocabula
1082 953 1152 1025 ‹lnc-

127 1031 744 1181 ’ἐῖἴίὲμὲἔάὲῗὶ,ἯέἒῖῖοὶὛέ
759 1031 1150 1182 tllttlttttltt

662 1157 672 1192 ,
1135 1157 1152 1174 .

128 1205 190 1265 lio
219 1199 418 1285 expedire
448 1220 506 1262 me
534 1201 697 1283 possim.
726 1237 768 1251 -
815 1199 893 1262 Alio
919 1199 1018 1264 modo
1046 1203 1152 1265 Prile·

128 1287 240 1350 schius
256 1287 365 1348 locum
380 1283 446 1346 sibi
457 1285 547 1347 visus
562 1292 612 1346 est
628 1300 767 1362 sanasse,
790 1282 963 1347 scribendo
978 1288 1151 1351 nimirums

255 1369 382 1449 πὲμπεον
401 1389 432 1429 τε
453 1361 651 1445 δυςπὲτημ’
675 1361 838 1449 ἀμηχάνως
857 1364 934 1446 ἐμοί.

130 1450 310 1519 Contendit
329 1453 435 1530 euim,
466 1451 604 1514 verbum
625 1448 794 1529 δυςπέτημο
813 1451 886 1514 sine
907 1449 1009 1514 dubio
1029 1449 1152 1515 scholi-

129 1546 219 1600 astae
252 1544 329 1598 ante
360 1535 473 1597 oculos
509 1536 627 1613 lunae,
660 1535 718 1616 qui
752 1535 877 1597 scribat
903 1535 1042 1618 δοςχερές
1072 1535 1154 1614 ἔσοιο

130 1617 200 1700 ἐμοί
210 1661 221 1696 ,
244 1619 399 1703 quoniam
418 1626 546 1681 veteres
567 1617 773 1703 grammatici
794 1615 947 1696 adjectivi
968 1621 1062 1682 verbi
1084 1621 1154 1694 ὃυς-

129 1700 224 1779 πετῆς
262 1705 589 1784 interpretamentum
626 1701 738 1762 uotiua
772 1701 969 1764 vocabulum
1006 1702 1154 1806 δοςρερῆο

130 1787 410 1932 putten
430 1783 737 1932 lentata
935 1785 1102 1932 lctus
1119 1798 1153 1852 0‘

130 1891 236 2038 ἓξρὴςῖ
287 1887 386 2016 Iden?
405 1889 603 2017 vocdbuldm
632 1889 1153 2035 ἆμηνίτὲὶῖῗηξίῦοάηζρζάοοοζοῗ

130 2041 260 2100 lisstam
287 2037 491 2119 reperiatur,
520 2053 588 2097 non
608 2035 823 2117 explicationi
850 2035 1012 2100 inservire
1032 2047 1152 2121 censet,

130 2118 188 2186 sed
221 2122 463 2184 correctionem
499 2135 569 2190 ease
605 2118 718 2181 critici
751 2117 889 2198 alicuius
923 2119 1153 2204 Alexandrini,

130 2207 186 2268 oui
215 2202 304 2267 haud
332 2203 420 2266 male
445 2201 580 2290 vulgate
609 2201 710 2266 tactio
742 2197 906 2286 ἀμηχάνως
931 2201 1150 2287 displicuerit.

128 2289 198 2377 Ego
218 2296 449 2371 praeterquam
469 2283 558 2368 quod
585 2283 671 2348 hanc
692 2287 913 2366 conjecturam
932 2289 1032 2349 nimis
1053 2287 1154 2352 auda·

131 2393 202 2434 cem
222 2391 291 2434 esse
313 2372 466 2434 existimo
493 2376 528 2430 et
553 2369 590 2428 in
610 2366 774 2430 dictione:
804 2365 960 2448 dnnra'rnp’
990 2366 1154 2454 ἀμηχάνως

447 2448 888 2596 rttrlrnactlr
905 2451 1156 2599 tlrssttrl‘

134 2623 237 2682 tivum
264 2617 399 2681 verbum
429 2576 599 2697 dvcusiqpn
623 2578 687 2694 fam
709 2614 749 2677 ab
771 2577 935 2698 Aesoh’pln
962 2629 1170 2703 usurpatum.

132 2706 187 2767 sit
230 2703 336 2764 Etiam
359 2698 515 2783 ἀμήχανον
535 2700 575 2762 ab
597 2700 766 2780 Hesychio
787 2699 940 2762 redditur
961 2702 1112 2787 δοςχερές.
1171 2719 1174 2726 ’

216 2784 374 2870 Sequitur
403 2787 495 2849 locus
521 2801 641 2870 magno
673 2801 772 2866 opero
802 2793 965 2863 tentatus,
1007 2788 1062 2850 Vs.
1092 2791 1157 2854 46⁰

133 2891 203 2955 sqq.
225 2917 234 2934 .
279 2869 330 2933 De
350 2888 416 2954 quo
437 2867 555 2955 dignus
577 2877 644 2942 est,
672 2868 731 2952 qui
751 2866 926 2947 audiatur,
954 2870 1155 2935 Fritaschius

120 2957 171 3016 'in
192 2951 371 3037 appendice
398 2973 430 3037 p.
452 2953 495 3016 55
516 2953 564 3014 sio
590 2950 757 3031 judicansc
797 2951 874 3014 »Ich
895 2956 1044 3020 eweifele
1064 2957 1156 3035 jetur,

134 3038 177 3101 ob
199 3039 289 3101 diese
308 3035 429 3116 stella,
462 3035 518 3100 die
536 3033 592 3096 ich
612 3034 730 3099 friiher
750 3036 813 3098 mit
833 3033 896 3098 den
917 3040 1055 3101 meloten
1075 3039 1155 3102 Kri-

134 3118 274 3200 titana)
303 3123 360 3182 fiir
378 3119 558 3184 verfalscht
578 3117 679 3195 hielt,
709 3117 827 3204 irgeud
848 3122 940 3183 einer
961 3120 1158 3210 denderung·

133 3205 283 3270 bedlirfe.
319 3200 482 3277 Λικαοτᾶς
494 3239 537 3254 --
550 3203 747 3286 αἱρουμένους
766 3200 856 3264 kann
876 3202 970 3266 nicht
990 3207 1156 3283 auffalleu,

135 3289 245 3352 indem
260 3287 387 3351 Athene
407 3285 566 3354 wirklich
587 3284 641 3348 dio
663 3286 775 3350 besteu
795 3285 1007 3350 athenischen
1031 3289 1158 3376 Biirger

133 3393 177 3436 uu
198 3372 356 3435 Richteru
385 3371 569 3436 amwihlto
588 3370 672 3431 uach
693 3368 734 3432 V.
757 3371 820 3434 465
847 3369 980 3453 spiraeo
1009 3369 1034 3432 δ’
1057 3370 1158 3436 ἀστῶν

134 3457 194 3518 τῶν
222 3456 302 3537 ἐμῶν
331 3451 370 3518 td
397 3454 535 3536 βέλτατα.
558 3489 601 3505 -
648 3452 738 3515 Abel·
765 3452 847 3516 auch
877 3451 981 3534 φόνων
1011 3454 1158 3530 ὃικάστᾶς

136 3541 250 3620 dpslnv
276 3539 413 3602 Richter
439 3539 524 3602 iiber
543 3533 646 3600 Mord
671 3534 735 3599 den
761 3533 976 3608 Eidschwiire
1002 3541 1158 3604 erhirteu

10 3641 12 3700 i
136 3623 214 3709 (vgl.
242 3624 326 3688 liber
352 3621 465 3686 diesen
486 3619 659 3684 Gabrauch
686 3638 753 3684 ron
783 3616 889 3703 ὅρκιος
910 3618 964 3685 die
982 3623 1071 3688 Note
1091 3643 1157 3688 von

11 3715 13 3780 l
134 3706 296 3784 Abresch)
326 3707 405 3769 licat
430 3706 503 3769 sich
530 3704 778 3790 rechtfertigen.
842 3704 937 3768 Danu
964 3727 997 3770 es
1027 3708 1159 3770 hezicht

134 3787 207 3854 sich
236 3789 325 3853 dieso
344 3790 545 3876 Beueunung
571 3792 630 3850 auf
661 3786 715 3849 die
735 3786 775 3848 V.
800 3789 862 3853 tot
889 3787 1058 3855 eruthnta
1077 3790 1160 3853 Dio·

134 3874 240 3936 mosie
261 3870 343 3933 oder
362 3869 427 3936 den
448 3869 647 3956 Doppeleid‚
678 3870 827 3934 welches
850 3868 905 3934 die
927 3873 1078 3936 Perteien
1097 3893 1161 3936 vor
1224 3911 1226 3916 ·

135 3955 210 4020 darn
239 3957 409 4041 Areopago
440 3955 648 4043 gewd'hnlioh
681 3956 840 4016 leisteten.
905 3954 955 4018 Da
986 3977 1052 4018 nun
1087 3956 1161 4036 jeue

134 4040 306 4106 Diomosic
325 4059 388 4103 vor
407 4040 533 4105 andern
546 4039 726 4104 Gerichtau
747 4038 841 4102 nicht
861 4039 897 4100 in
920 4036 1029 4103 dieser
1040 4039 1161 4106 Weise

915 4168 960 4245 ἵ*
