2728 4690
254 318 329 396 1oe

374 486 476 558 ”Aeoli
490 483 667 559 '‘Amttoi‚
693 477 736 544 oin
756 479 834 564 ἔχεις
856 477 948 552 αὐτὸς
960 476 1082 560 ’κράτει

248 621 250 628 ,
385 570 423 630 Τι’
442 569 530 631 τοῦδε
551 571 601 630 σοὶ
621 567 737 646 μέτεστι
756 563 950 648 πράγματος,
975 562 1048 644 λέγε.

248 655 382 735 Quibus
409 653 467 728 ille
496 660 665 732 postquam
687 651 836 729 exposuit
857 646 899 708 de
927 646 1069 708 consilio
1094 665 1161 727 quo
1184 667 1287 708 vene-
1333 673 1334 734 p

250 741 316 815 rit,
337 735 445 800 subito
461 733 504 798 ad
517 733 702 798 Minervam
724 731 929 796 convertitur
950 729 1041 791 hisce
1062 747 1138 790 cum
1150 732 1287 793 verbise

443 865 448 872 ‚
797 811 835 876 od
858 811 883 872 δ’
905 813 1001 892 εἴςαγι

383 897 466 972 ὅπως
487 896 702 977 deinvestitos
722 900 862 980 κυρῶσαι
884 896 980 971 δίκην,
1054 923 1056 928 ’
1098 897 1099 902 ’

260 987 351 1046 nullo
373 984 531 1048 vocabulo
553 979 685 1060 addito,
706 1000 771 1063 quo
793 981 865 1057 hio,
887 980 1044 1062 quemad
1065 999 1187 1044 novam
1209 1001 1289 1062 per·
1333 981 1334 998 l

260 1087 371 1132 sonem
392 1069 488 1140 facit,
517 1066 674 1128 transitus
695 1057 853 1155 signetur.
905 1061 970 1126 Sed
991 1061 1054 1124 hoc
1076 1083 1197 1126 revera
1219 1085 1288 1125 non
1333 1105 1334 1128 n

262 1157 310 1214 ita
336 1150 529 1226 solabere,
557 1149 611 1211 vel
639 1147 715 1210 inde
736 1148 931 1226 conjeceris,
962 1145 1050 1227 quod
1079 1150 1198 1222 ineo,
1229 1150 1288 1228 qui
1333 1129 1334 1164 ¹

262 1237 328 1296 ibi.
345 1235 499 1318 fingitur,
536 1251 647 1294 rerum
681 1231 770 1292 statu
806 1230 1024 1292 necessarium
1050 1229 1206 1310 videtur,
1251 1239 1290 1288 ut
1333 1245 1334 1280 ι

265 1318 392 1380 Chorus
414 1335 454 1376 ne
475 1324 647 1396 antequam
668 1311 800 1374 dicendi
828 1321 1022 1393 potestatem
1043 1315 1164 1376 habeat
1186 1336 1206 1376 a
1228 1313 1289 1374 dea

264 1407 384 1465 lactem
404 1417 586 1461 sermonem
606 1399 772 1478 suscipiat.
814 1395 891 1458 Nisi
912 1399 998 1457 forte
1012 1399 1164 1482 argutari
1184 1399 1289 1458 alicui

265 1485 409 1566 placcat,
431 1491 560 1563 poetam
580 1499 620 1542 eo
641 1482 731 1561 ipso,
763 1479 851 1561 quod
872 1480 985 1539 Furias
1006 1482 1055 1540 sic
1077 1489 1214 1561 praeter
1235 1500 1289 1540 or·

266 1567 375 1628 dinem
397 1567 564 1642 loquentes
585 1565 700 1642 faciat,
729 1564 1013 1643 intemperantiam
1043 1563 1162 1624 harum
1191 1573 1290 1644 atque
1333 1549 1334 1604 Ῑ

266 1650 537 1712 incontinentiam
558 1648 694 1728 pingere
714 1647 857 1710 voluisse
877 1643 918 1706 de
939 1644 1115 1712 industria.
1166 1647 1290 1708 Noluit

266 1752 362 1796 vero:
393 1751 467 1792 nam
488 1731 588 1795 verba
616 1731 692 1806 illa,
721 1750 803 1811 quae
830 1731 929 1809 vulgo
949 1729 1056 1790 Furiis
1083 1731 1289 1805 tribuuntur,

267 1836 308 1877 ne
330 1809 473 1898 potuisse
494 1812 625 1894 quidem
646 1815 687 1874 ab
709 1813 798 1874 hisce
825 1813 986 1894 proferri,
1017 1832 1057 1872 ex
1080 1817 1153 1896 ipso
1175 1833 1290 1888 versus

267 1901 330 1964 545
352 1917 388 1958 ar
433 1905 543 1958 mento
563 1905 654 1958 certo
674 1899 891 1976 consequitur.
919 1896 1007 1974 ¹Quo
1029 1900 1135 1976 enim,
1158 1917 1287 1979 quaem

269 1981 366 2044 modo
382 1918 509 2042 {dorus
530 1979 596 2040 tale
618 1977 698 2060 quid
719 1983 922 2060 quaesiturus
944 1982 1058 2040 fuisset
1079 1983 1121 2042 e&
1135 1983 1287 2061 Apolline

269 2076 343 2146 post
372 2064 473 2126 verba
502 2065 589 2122 inter
619 2070 791 2143 utramque
817 2073 942 2144 partem
970 2062 1088 2124 iudea
1109 2084 1212 2127 versu
1234 2067 1289 2128 ltu

270 2165 373 2226 usque
393 2144 433 2204 ad
449 2164 583 2210 ‚versum
605 2145 665 2206 225
686 2152 917 2214 commutatat
944 2143 1029 2207 Sunt
1050 2147 1158 2232 igitur
1180 2169 1289 2212 versus

271 2233 333 2296 544
356 2229 470 2294 ettilo
491 2227 661 2290 Minervae
681 2227 913 2306 continuandi,
942 2229 1131 2310 Apollinem
1158 2241 1291 2312 praeter

272 2313 545 2394 exspectationem
565 2311 601 2372 in
630 2307 788 2389 judicium
808 2315 992 2375 venientem
1012 2318 1163 2376 miranti.
1216 2317 1290 2377 Eos·

272 2399 345 2462 dem
373 2398 478 2474 jamza
499 2393 710 2458 Wakefieldo
732 2393 842 2456 Chore
870 2393 1070 2474 abjudicatos
1101 2418 1177 2462 esse
1198 2398 1291 2463 vides

272 2491 305 2544 et
325 2482 480 2562 praeconi
502 2476 708 2563 adsignatos,
734 2475 771 2539 id
791 2478 878 2560 quod
898 2480 1035 2561 probari
1056 2483 1185 2562 nequit.
1231 2483 1293 2543 Ve-

272 2567 347 2630 rum'
367 2563 447 2626 haec
470 2561 511 2632 oie
532 2560 565 2622 ἐν
582 2560 719 2640 παρόδῳ.
742 2599 784 2612 -
825 2562 926 2641 Aliud
953 2563 1112 2641 ejusmodi
1145 2567 1293 2642 lacunae,

273 2649 401 2731 qualem
422 2657 521 2726 supra
542 2646 581 2706 ab
603 2648 675 2724 ipsu
690 2646 904 2731 significatam
918 2646 1070 2723 vidimus,
1092 2649 1295 2712 Fritzschius

274 2729 434 2802 indicium
470 2727 570 2790 verbo
612 2727 866 2809 φοινικοβάπτοις
898 2731 1080 2791 arbitratur
1116 2737 1295 2798 contineri.

275 2815 382 2894 Quum
417 2811 504 2871 enim
540 2831 657 2892 parum
698 2812 857 2874 credibile
894 2833 963 2875 esse
998 2823 1149 2894 censeat,
1201 2822 1297 2878 mini.

270 2906 361 2961 strae
381 2894 456 2956 illas
478 2893 649 2960 Minervae
669 2898 843 2976 purpureis
860 2898 1004 2960 vestibus
1028 2901 1130 2960 luisse
1151 2899 1300 2979 indutas,

275 3014 316 3027 -
337 2978 538 3058 Ersephoros
559 2998 653 3055 sane,
684 2989 721 3039 ut
749 2980 810 3040 ltoc
831 2983 995 3058 moneam,
1022 2983 1125 3068 vulgo
1146 2985 1300 3047 candidis

276 3063 479 3124 vestimentis
519 3063 654 3124 amictas
672 3063 788 3124 ,luisse
830 3066 947 3124 scimus
983 3097 1023 3112 -
1064 3076 1186 3128 contra
1224 3091 1302 3132 vero

278 3147 418 3206 maxime
439 3153 700 3222 cousentaneum,
722 3147 780 3206 has
797 3149 1003 3233 Areopagitis
1022 3150 1166 3211 tributas
1189 3157 1304 3232 luisse,
1333 3165 1334 3238 l

279 3231 378 3292 etiem
404 3229 466 3293 hoc
492 3237 720 3312 argumentum
739 3232 871 3293 uincere
899 3229 1081 3311 contendit,
1110 3243 1150 3293 ut
1185 3237 1306 3299 iudea

279 3331 377 3374 versu
398 3312 459 3376 982
485 3313 703 3398 Areopagitae
734 3315 988 3394 compellentur,
1018 3326 1057 3377 'et
1082 3317 1164 3378 hinc
1200 3329 1306 3403 sequi,

280 3404 319 3458 ut
338 3403 414 3458 aute
436 3416 510 3459 eum
524 3395 651 3476 aliquot
666 3415 778 3460 versus
799 3400 969 3478 perierint.
1012 3398 1077 3461 Sed
1098 3403 1206 3464 etiam
1231 3407 1309 3468 haec
1333 3459 1334 3474 ,

281 3478 531 3563 argumentandi
558 3480 664 3556 ratio,
699 3481 778 3541 linet
798 3480 839 3543 de
858 3502 898 3544 eo
919 3500 983 3564 quo
1010 3482 1119 3546 tendit
1149 3487 1310 3551 lubenter
1333 3481 1334 3552 ἦ

282 3565 483 3640 assentiaris,
503 3561 712 3626 fundamento
729 3574 951 3644 superstructa
968 3576 1102 3629 estnon
1124 3567 1310 3634 admodum
1333 3607 1334 3610 ¹

282 3647 390 3712 firmo,
438 3646 553 3727 Neque
584 3654 707 3710 temore
733 3649 914 3727 abjicienda
935 3660 1008 3712 erat
1033 3659 1130 3712 acuta
1159 3656 1311 3718 aliorum

282 3732 431 3792 virorum
447 3729 619 3792 doctorum
631 3731 787 3812 suspicio,
807 3734 937 3814 prolata
959 3734 1019 3795 illa
1039 3755 1058 3794 a
1070 3735 1252 3802 Muellero
1276 3741 1311 3802 ed

283 3811 478 3883 Eumenidas
499 3833 528 3893 p.
554 3817 613 3878 176
633 3823 667 3876 et
689 3817 748 3879 179
768 3826 803 3878 et
823 3819 887 3894 jam
908 3825 1002 3879 antea
1023 3837 1042 3878 a
1069 3815 1310 3884 Klausenio

285 3900 328 3962 in
360 3898 698 3980 theologumenis
731 3899 929 3982 Aeschyli
957 3889 1087 3983 pslotl,
1127 3911 1312 3990 purpureis

286 3983 359 4044 istis
376 3980 517 4045 restibus
533 3999 597 4048 non
612 3985 768 4050 comitum
782 4005 973 4072 quemquem
991 3985 1144 4052 indutum
1160 3997 1313 4082 cogitan-
