<?xml version="1.0" encoding="UTF-8"?>
<!DOCTYPE html PUBLIC "-//W3C//DTD XHTML 1.0 Transitional//EN"
    "http://www.w3.org/TR/xhtml1/DTD/xhtml1-transitional.dtd">
<html xmlns="http://www.w3.org/1999/xhtml" xml:lang="en" lang="en">
 <head>
  <title>
</title>
<meta http-equiv="Content-Type" content="text/html;charset=utf-8" />
  <meta name='ocr-system' content='tesseract 3.04.00' />
  <meta name='ocr-capabilities' content='ocr_page ocr_carea ocr_par ocr_line ocrx_word'/>
</head>
<body>
  <div class='ocr_page' id='page_1' title='image "./conjectaneainae00wiesgoog_0092.png"; bbox 0 0 2794 4692; ppageno 0'>
   <div class='ocr_carea' id='block_1_1' title="bbox 980 329 1266 452">
    <p class='ocr_par' dir='ltr' id='par_1_1' title="bbox 980 329 1266 452">
     <span class='ocr_line' id='line_1_1' title="bbox 980 329 1266 452; baseline -0.007 -46"><span class='ocrx_word' id='word_1_1' title='bbox 980 329 1188 452; x_wconf 75' lang='lat' dir='ltr'><strong>nnxxvu</strong></span> <span class='ocrx_word' id='word_1_2' title='bbox 1263 443 1266 446; x_wconf 14' lang='grc'><strong>,</strong></span> 
     </span>
    </p>
   </div>
   <div class='ocr_carea' id='block_1_2' title="bbox 146 495 1239 2320">
    <p class='ocr_par' dir='ltr' id='par_1_2' title="bbox 152 495 1239 1308">
     <span class='ocr_line' id='line_1_2' title="bbox 155 495 1184 600; baseline -0.006 -18"><span class='ocrx_word' id='word_1_3' title='bbox 155 503 269 600; x_wconf 81' lang='lat' dir='ltr'><strong>Cujus</strong></span> <span class='ocrx_word' id='word_1_4' title='bbox 300 495 481 579; x_wconf 81' lang='lat' dir='ltr'><strong>rationem</strong></span> <span class='ocrx_word' id='word_1_5' title='bbox 516 497 605 576; x_wconf 89' lang='lat' dir='ltr'><strong>dicti</strong></span> <span class='ocrx_word' id='word_1_6' title='bbox 638 524 750 597; x_wconf 70' lang='lat' dir='ltr'><strong>mum</strong></span> <span class='ocrx_word' id='word_1_7' title='bbox 784 501 916 578; x_wconf 80' lang='lat' dir='ltr'><strong>Furiae</strong></span> <span class='ocrx_word' id='word_1_8' title='bbox 949 512 1023 578; x_wconf 87' lang='lat' dir='ltr'><strong>non</strong></span> <span class='ocrx_word' id='word_1_9' title='bbox 1055 499 1184 578; x_wconf 88' lang='lat' dir='ltr'><strong>intelli-</strong></span> 
     </span>
     <span class='ocr_line' id='line_1_3' title="bbox 155 597 1185 711; baseline -0.005 -31"><span class='ocrx_word' id='word_1_10' title='bbox 155 618 263 711; x_wconf 72' lang='lat' dir='ltr'><strong>gant,</strong></span> <span class='ocrx_word' id='word_1_11' title='bbox 298 599 430 694; x_wconf 88' lang='lat' dir='ltr'><strong>deam,</strong></span> <span class='ocrx_word' id='word_1_12' title='bbox 463 615 504 676; x_wconf 89' lang='lat' dir='ltr'><strong>ut</strong></span> <span class='ocrx_word' id='word_1_13' title='bbox 532 603 648 698; x_wconf 84' lang='lat' dir='ltr'><strong>ipsas,</strong></span> <span class='ocrx_word' id='word_1_14' title='bbox 684 601 812 698; x_wconf 78' lang='lat' dir='ltr'>quippe</span> <span class='ocrx_word' id='word_1_15' title='bbox 836 597 998 700; x_wconf 86' lang='lat' dir='ltr'><strong>sapiens,</strong></span> <span class='ocrx_word' id='word_1_16' title='bbox 1032 604 1185 683; x_wconf 84' lang='lat' dir='ltr'><strong>edocere</strong></span> 
     </span>
     <span class='ocr_line' id='line_1_4' title="bbox 155 702 1184 804; baseline -0.002 -24"><span class='ocrx_word' id='word_1_17' title='bbox 155 705 266 797; x_wconf 86' lang='lat' dir='ltr'><strong>velit,</strong></span> <span class='ocrx_word' id='word_1_18' title='bbox 294 718 434 804; x_wconf 80' lang='lat' dir='ltr'><strong>rogant.</strong></span> <span class='ocrx_word' id='word_1_19' title='bbox 511 702 668 798; x_wconf 84' lang='lat' dir='ltr'><strong>Subjicit</strong></span> <span class='ocrx_word' id='word_1_20' title='bbox 692 702 807 802; x_wconf 84' lang='lat' dir='ltr'><strong>igitur</strong></span> <span class='ocrx_word' id='word_1_21' title='bbox 831 705 1016 798; x_wconf 84' lang='lat' dir='ltr'><strong>Minerva,</strong></span> <span class='ocrx_word' id='word_1_22' title='bbox 1050 706 1184 801; x_wconf 85' lang='lat' dir='ltr'><strong>jureju-</strong></span> 
     </span>
     <span class='ocr_line' id='line_1_5' title="bbox 155 803 1185 902; baseline -0.003 -21"><span class='ocrx_word' id='word_1_23' title='bbox 155 806 268 882; x_wconf 89' lang='lat' dir='ltr'><strong>rando</strong></span> <span class='ocrx_word' id='word_1_24' title='bbox 292 805 465 902; x_wconf 83' lang='lat' dir='ltr'><strong>praestito</strong></span> <span class='ocrx_word' id='word_1_25' title='bbox 491 829 557 896; x_wconf 87' lang='lat' dir='ltr'><strong>ea,</strong></span> <span class='ocrx_word' id='word_1_26' title='bbox 600 829 690 899; x_wconf 87' lang='lat' dir='ltr'><strong>quae</strong></span> <span class='ocrx_word' id='word_1_27' title='bbox 715 805 849 900; x_wconf 87' lang='lat' dir='ltr'><strong>injusta</strong></span> <span class='ocrx_word' id='word_1_28' title='bbox 874 805 966 900; x_wconf 90' lang='lat' dir='ltr'><strong>sint,</strong></span> <span class='ocrx_word' id='word_1_29' title='bbox 1008 821 1081 880; x_wconf 84' lang='lat' dir='ltr'><strong>n&#39;on</strong></span> <span class='ocrx_word' id='word_1_30' title='bbox 1106 803 1185 879; x_wconf 77' lang='lat' dir='ltr'><strong>vin·</strong></span> 
     </span>
     <span class='ocr_line' id='line_1_6' title="bbox 154 903 1239 999; baseline -0.004 -17"><span class='ocrx_word' id='word_1_31' title='bbox 154 933 252 982; x_wconf 81' lang='lat' dir='ltr'><strong>cere.</strong></span> <span class='ocrx_word' id='word_1_32' title='bbox 301 904 438 999; x_wconf 84' lang='lat' dir='ltr'><strong>Quibus</strong></span> <span class='ocrx_word' id='word_1_33' title='bbox 457 904 582 980; x_wconf 86' lang='lat' dir='ltr'><strong>verbis</strong></span> <span class='ocrx_word' id='word_1_34' title='bbox 603 903 734 978; x_wconf 91' lang='lat' dir='ltr'><strong>auditis</strong></span> <span class='ocrx_word' id='word_1_35' title='bbox 758 906 946 981; x_wconf 89' lang='lat' dir='ltr'><strong>convictas</strong></span> <span class='ocrx_word' id='word_1_36' title='bbox 970 931 1008 982; x_wconf 90' lang='lat' dir='ltr'><strong>se</strong></span> <span class='ocrx_word' id='word_1_37' title='bbox 1030 904 1183 982; x_wconf 86' lang='lat' dir='ltr'><strong>sentien-</strong></span> <span class='ocrx_word' id='word_1_38' title='bbox 1237 913 1239 916; x_wconf 82' lang='grc'><strong>’</strong></span> 
     </span>
     <span class='ocr_line' id='line_1_7' title="bbox 153 1003 1183 1104; baseline -0.002 -20"><span class='ocrx_word' id='word_1_39' title='bbox 153 1025 206 1086; x_wconf 91' lang='lat' dir='ltr'><strong>tes</strong></span> <span class='ocrx_word' id='word_1_40' title='bbox 233 1009 365 1084; x_wconf 79' lang='lat' dir='ltr'><strong>Furiae</strong></span> <span class='ocrx_word' id='word_1_41' title='bbox 388 1005 566 1082; x_wconf 88' lang='lat' dir='ltr'><strong>absistunt</strong></span> <span class='ocrx_word' id='word_1_42' title='bbox 593 1004 736 1078; x_wconf 89' lang='lat' dir='ltr'><strong>deferre</strong></span> <span class='ocrx_word' id='word_1_43' title='bbox 762 1007 882 1082; x_wconf 84' lang='lat' dir='ltr'><strong>Oresti</strong></span> <span class='ocrx_word' id='word_1_44' title='bbox 917 1003 1183 1104; x_wconf 68' lang='lat' dir='ltr'><strong>jusjurandum,</strong></span> 
     </span>
     <span class='ocr_line' id='line_1_8' title="bbox 152 1106 1183 1211; baseline -0.006 -25"><span class='ocrx_word' id='word_1_45' title='bbox 152 1111 257 1186; x_wconf 89' lang='lat' dir='ltr'><strong>deam</strong></span> <span class='ocrx_word' id='word_1_46' title='bbox 282 1109 401 1206; x_wconf 82' lang='lat' dir='ltr'><strong>ipsam</strong></span> <span class='ocrx_word' id='word_1_47' title='bbox 416 1151 420 1164; x_wconf 86' lang='lat'><strong>·</strong></span> <span class='ocrx_word' id='word_1_48' title='bbox 435 1108 598 1205; x_wconf 86' lang='lat' dir='ltr'><strong>jubentes</strong></span> <span class='ocrx_word' id='word_1_49' title='bbox 624 1106 828 1203; x_wconf 87' lang='lat' dir='ltr'><strong>inquirendi</strong></span> <span class='ocrx_word' id='word_1_50' title='bbox 859 1108 1045 1211; x_wconf 79' lang='lat' dir='ltr'><strong>negotium</strong></span> <span class='ocrx_word' id='word_1_51' title='bbox 1071 1107 1183 1184; x_wconf 81' lang='lat' dir='ltr'><strong>susci-</strong></span> 
     </span>
     <span class='ocr_line' id='line_1_9' title="bbox 152 1209 994 1308; baseline -0.002 -22"><span class='ocrx_word' id='word_1_52' title='bbox 152 1237 238 1308; x_wconf 87' lang='lat' dir='ltr'><strong>pere</strong></span> <span class='ocrx_word' id='word_1_53' title='bbox 250 1265 263 1305; x_wconf 92' lang='lat'><strong>,</strong></span> <span class='ocrx_word' id='word_1_54' title='bbox 298 1213 437 1306; x_wconf 88' lang='lat' dir='ltr'><strong>justum</strong></span> <span class='ocrx_word' id='word_1_55' title='bbox 462 1226 583 1286; x_wconf 88' lang='lat' dir='ltr'><strong>autem</strong></span> <span class='ocrx_word' id='word_1_56' title='bbox 608 1233 780 1288; x_wconf 85' lang='lat' dir='ltr'><strong>exercere</strong></span> <span class='ocrx_word' id='word_1_57' title='bbox 805 1209 994 1306; x_wconf 85' lang='lat' dir='ltr'><strong>judicium.</strong></span> 
     </span>
    </p>

    <p class='ocr_par' dir='ltr' id='par_1_3' title="bbox 149 1310 1182 1908">
     <span class='ocr_line' id='line_1_10' title="bbox 245 1310 1181 1412; baseline -0.003 -25"><span class='ocrx_word' id='word_1_58' title='bbox 245 1317 345 1412; x_wconf 78' lang='lat' dir='ltr'><strong>Ergo</strong></span> <span class='ocrx_word' id='word_1_59' title='bbox 364 1312 532 1388; x_wconf 84' lang='lat' dir='ltr'><strong>Minerva</strong></span> <span class='ocrx_word' id='word_1_60' title='bbox 553 1311 598 1386; x_wconf 89' lang='lat' dir='ltr'><strong>ad</strong></span> <span class='ocrx_word' id='word_1_61' title='bbox 617 1311 786 1386; x_wconf 83' lang='lat' dir='ltr'><strong>Orestem</strong></span> <span class='ocrx_word' id='word_1_62' title='bbox 806 1310 1049 1404; x_wconf 87' lang='lat' dir='ltr'><strong>convertitur,</strong></span> <span class='ocrx_word' id='word_1_63' title='bbox 1076 1323 1181 1407; x_wconf 79' lang='lat' dir='ltr'><strong>quae-</strong></span> 
     </span>
     <span class='ocr_line' id='line_1_11' title="bbox 152 1409 1181 1510; baseline -0.004 -22"><span class='ocrx_word' id='word_1_64' title='bbox 152 1439 257 1507; x_wconf 86' lang='lat' dir='ltr'><strong>rens,</strong></span> <span class='ocrx_word' id='word_1_65' title='bbox 290 1413 375 1510; x_wconf 89' lang='lat' dir='ltr'><strong>quid</strong></span> <span class='ocrx_word' id='word_1_66' title='bbox 398 1413 443 1488; x_wconf 88' lang='lat' dir='ltr'><strong>ad</strong></span> <span class='ocrx_word' id='word_1_67' title='bbox 467 1412 556 1488; x_wconf 87' lang='lat' dir='ltr'><strong>haec</strong></span> <span class='ocrx_word' id='word_1_68' title='bbox 580 1409 748 1485; x_wconf 89' lang='lat' dir='ltr'><strong>vicissim</strong></span> <span class='ocrx_word' id='word_1_69' title='bbox 773 1409 894 1486; x_wconf 86' lang='lat' dir='ltr'><strong>dicere</strong></span> <span class='ocrx_word' id='word_1_70' title='bbox 919 1413 1027 1505; x_wconf 80' lang='lat' dir='ltr'><strong>velit3</strong></span> <span class='ocrx_word' id='word_1_71' title='bbox 1063 1409 1181 1485; x_wconf 50' lang='lat' dir='ltr'><strong>nomi*</strong></span> 
     </span>
     <span class='ocr_line' id='line_1_12' title="bbox 150 1512 1182 1612; baseline -0.004 -24"><span class='ocrx_word' id='word_1_72' title='bbox 150 1531 236 1590; x_wconf 90' lang='lat' dir='ltr'><strong>nata</strong></span> <span class='ocrx_word' id='word_1_73' title='bbox 260 1538 349 1589; x_wconf 83' lang='lat' dir='ltr'><strong>vero</strong></span> <span class='ocrx_word' id='word_1_74' title='bbox 375 1512 511 1610; x_wconf 87' lang='lat' dir='ltr'><strong>patria,</strong></span> <span class='ocrx_word' id='word_1_75' title='bbox 549 1535 701 1612; x_wconf 80' lang='lat' dir='ltr'><strong>genere,</strong></span> <span class='ocrx_word' id='word_1_76' title='bbox 739 1512 965 1607; x_wconf 80' lang='lat' dir='ltr'><strong>calamitate,</strong></span> <span class='ocrx_word' id='word_1_77' title='bbox 989 1513 1046 1586; x_wconf 84' lang='lat' dir='ltr'><strong>in</strong></span> <span class='ocrx_word' id='word_1_78' title='bbox 1070 1535 1182 1608; x_wconf 85' lang='lat' dir='ltr'><strong>quam</strong></span> 
     </span>
     <span class='ocr_line' id='line_1_13' title="bbox 149 1612 1182 1708; baseline -0.003 -20"><span class='ocrx_word' id='word_1_79' title='bbox 149 1613 344 1705; x_wconf 90' lang='lat' dir='ltr'><strong>inciderit,</strong></span> <span class='ocrx_word' id='word_1_80' title='bbox 387 1613 490 1685; x_wconf 90' lang='lat' dir='ltr'><strong>illam</strong></span> <span class='ocrx_word' id='word_1_81' title='bbox 514 1612 713 1686; x_wconf 82' lang='lat' dir='ltr'><strong>Furiarum</strong></span> <span class='ocrx_word' id='word_1_82' title='bbox 744 1613 1061 1708; x_wconf 87' lang='lat' dir='ltr'><strong>reprehensionem</strong></span> <span class='ocrx_word' id='word_1_83' title='bbox 1092 1638 1113 1686; x_wconf 92' lang='lat' dir='ltr'><strong>a</strong></span> <span class='ocrx_word' id='word_1_84' title='bbox 1142 1636 1182 1685; x_wconf 91' lang='lat' dir='ltr'><strong>se</strong></span> 
     </span>
     <span class='ocr_line' id='line_1_14' title="bbox 149 1711 1181 1812; baseline -0.002 -24"><span class='ocrx_word' id='word_1_85' title='bbox 149 1718 312 1812; x_wconf 87' lang='lat' dir='ltr'><strong>repellat,</strong></span> <span class='ocrx_word' id='word_1_86' title='bbox 346 1713 550 1810; x_wconf 81' lang='lat' dir='ltr'><strong>siquidem„</strong></span> <span class='ocrx_word' id='word_1_87' title='bbox 567 1713 649 1810; x_wconf 85' lang='lat' dir='ltr'><strong>jure</strong></span> <span class='ocrx_word' id='word_1_88' title='bbox 674 1735 739 1786; x_wconf 91' lang='lat' dir='ltr'><strong>suc</strong></span> <span class='ocrx_word' id='word_1_89' title='bbox 765 1714 936 1810; x_wconf 85' lang='lat' dir='ltr'><strong>confisus,</strong></span> <span class='ocrx_word' id='word_1_90' title='bbox 961 1716 1107 1812; x_wconf 85' lang='lat' dir='ltr'><strong>supplex</strong></span> <span class='ocrx_word' id='word_1_91' title='bbox 1133 1711 1181 1788; x_wconf 90' lang='lat' dir='ltr'><strong>sit</strong></span> 
     </span>
     <span class='ocr_line' id='line_1_15' title="bbox 149 1814 1025 1908; baseline -0.005 -16"><span class='ocrx_word' id='word_1_92' title='bbox 149 1815 279 1892; x_wconf 88' lang='lat' dir='ltr'><strong>eadem</strong></span> <span class='ocrx_word' id='word_1_93' title='bbox 304 1814 516 1890; x_wconf 88' lang='lat' dir='ltr'><strong>condicione</strong></span> <span class='ocrx_word' id='word_1_94' title='bbox 540 1827 643 1887; x_wconf 85' lang='lat' dir='ltr'><strong>utens</strong></span> <span class='ocrx_word' id='word_1_95' title='bbox 655 1865 669 1905; x_wconf 90' lang='lat'><strong>,</strong></span> <span class='ocrx_word' id='word_1_96' title='bbox 706 1837 777 1908; x_wconf 87' lang='lat' dir='ltr'><strong>qua</strong></span> <span class='ocrx_word' id='word_1_97' title='bbox 801 1814 891 1888; x_wconf 91' lang='lat' dir='ltr'><strong>olim</strong></span> <span class='ocrx_word' id='word_1_98' title='bbox 912 1815 1025 1890; x_wconf 84' lang='lat' dir='ltr'><strong>Ixion.</strong></span> 
     </span>
    </p>

    <p class='ocr_par' dir='ltr' id='par_1_4' title="bbox 146 1914 1203 2320">
     <span class='ocr_line' id='line_1_16' title="bbox 247 1914 1180 2014; baseline 0 -22"><span class='ocrx_word' id='word_1_99' title='bbox 247 1917 414 2010; x_wconf 89' lang='lat' dir='ltr'><strong>Orestes,</strong></span> <span class='ocrx_word' id='word_1_100' title='bbox 460 1936 573 2014; x_wconf 87' lang='lat' dir='ltr'><strong>quum</strong></span> <span class='ocrx_word' id='word_1_101' title='bbox 596 1939 617 1987; x_wconf 91' lang='lat' dir='ltr'><strong>e</strong></span> <span class='ocrx_word' id='word_1_102' title='bbox 641 1914 835 2012; x_wconf 88' lang='lat' dir='ltr'><strong>postremis</strong></span> <span class='ocrx_word' id='word_1_103' title='bbox 862 1915 947 1991; x_wconf 90' lang='lat' dir='ltr'><strong>deae</strong></span> <span class='ocrx_word' id='word_1_104' title='bbox 972 1915 1096 1992; x_wconf 86' lang='lat' dir='ltr'><strong>verbis</strong></span> <span class='ocrx_word' id='word_1_105' title='bbox 1129 1958 1180 1970; x_wconf 90' lang='lat'><em>-</em></span> 
     </span>
     <span class='ocr_line' id='line_1_17' title="bbox 146 2013 1179 2116; baseline -0.002 -24"><span class='ocrx_word' id='word_1_106' title='bbox 146 2043 278 2116; x_wconf 84' lang='lat' dir='ltr'><strong>nempe</strong></span> <span class='ocrx_word' id='word_1_107' title='bbox 312 2017 357 2093; x_wconf 87' lang='lat' dir='ltr'><strong>iis</strong></span> <span class='ocrx_word' id='word_1_108' title='bbox 369 2073 382 2110; x_wconf 96' lang='lat'><strong>,</strong></span> <span class='ocrx_word' id='word_1_109' title='bbox 429 2015 558 2114; x_wconf 88' lang='lat' dir='ltr'><strong>quibus</strong></span> <span class='ocrx_word' id='word_1_110' title='bbox 584 2014 660 2112; x_wconf 88' lang='lat' dir='ltr'><strong>ipse</strong></span> <span class='ocrx_word' id='word_1_111' title='bbox 685 2039 773 2106; x_wconf 84' lang='lat' dir='ltr'><strong>cum</strong></span> <span class='ocrx_word' id='word_1_112' title='bbox 799 2013 923 2092; x_wconf 85' lang='lat' dir='ltr'><strong>Ixione</strong></span> <span class='ocrx_word' id='word_1_113' title='bbox 944 2033 1179 2116; x_wconf 88' lang='lat' dir='ltr'><strong>comparatur</strong></span> 
     </span>
     <span class='ocr_line' id='line_1_18' title="bbox 147 2113 1178 2220; baseline -0.004 -24"><span class='ocrx_word' id='word_1_114' title='bbox 147 2147 170 2195; x_wconf 90' lang='lat' dir='ltr'><strong>a</strong></span> <span class='ocrx_word' id='word_1_115' title='bbox 193 2123 282 2196; x_wconf 89' lang='lat' dir='ltr'><strong>Jove</strong></span> <span class='ocrx_word' id='word_1_116' title='bbox 307 2119 546 2216; x_wconf 86' lang='lat' dir='ltr'><strong>expiationem</strong></span> <span class='ocrx_word' id='word_1_117' title='bbox 571 2131 710 2213; x_wconf 90' lang='lat' dir='ltr'><strong>petente</strong></span> <span class='ocrx_word' id='word_1_118' title='bbox 727 2113 780 2210; x_wconf 82' lang='grc'><strong>81)</strong></span> <span class='ocrx_word' id='word_1_119' title='bbox 802 2161 853 2176; x_wconf 90' lang='lat'><em>-</em></span> <span class='ocrx_word' id='word_1_120' title='bbox 877 2119 1046 2220; x_wconf 78' lang='lat' dir='ltr'><strong>colligat,</strong></span> <span class='ocrx_word' id='word_1_121' title='bbox 1083 2118 1178 2200; x_wconf 89' lang='lat' dir='ltr'><strong>hanc</strong></span> 
     </span>
     <span class='ocr_line' id='line_1_19' title="bbox 147 2217 1203 2320; baseline -0.001 -24"><span class='ocrx_word' id='word_1_122' title='bbox 147 2237 296 2320; x_wconf 87' lang='lat' dir='ltr'><strong>putare,</strong></span> <span class='ocrx_word' id='word_1_123' title='bbox 321 2221 463 2318; x_wconf 85' lang='lat' dir='ltr'><strong>¹ipsum</strong></span> <span class='ocrx_word' id='word_1_124' title='bbox 495 2218 612 2294; x_wconf 90' lang='lat' dir='ltr'><strong>adhuc</strong></span> <span class='ocrx_word' id='word_1_125' title='bbox 646 2218 838 2316; x_wconf 89' lang='lat' dir='ltr'><strong>impurum</strong></span> <span class='ocrx_word' id='word_1_126' title='bbox 871 2217 949 2297; x_wconf 84' lang='lat' dir='ltr'><strong>ess&#39;e</strong></span> <span class='ocrx_word' id='word_1_127' title='bbox 993 2235 1099 2319; x_wconf 85' lang='lat' dir='ltr'><strong>atque</strong></span> <span class='ocrx_word' id='word_1_128' title='bbox 1134 2244 1203 2314; x_wconf 89' lang='lat' dir='ltr'><strong>eo</strong></span> 
     </span>
    </p>
   </div>
   <div class='ocr_carea' id='block_1_3' title="bbox 155 2401 413 2442">
    <p class='ocr_par' dir='ltr' id='par_1_5' title="bbox 155 2401 413 2442">
     <span class='ocr_line' id='line_1_20' title="bbox 205 2401 211 2412; baseline 0 0"><span class='ocrx_word' id='word_1_129' title='bbox 205 2401 211 2412; x_wconf 73' lang='grc' dir='ltr'><strong><em>ο</em></strong></span> 
     </span>
     <span class='ocr_line' id='line_1_21' title="bbox 155 2427 413 2442; baseline -0.008 -2"><span class='ocrx_word' id='word_1_130' title='bbox 155 2427 413 2442; x_wconf 58' lang='lat' dir='ltr'><strong>m*-</strong></span> 
     </span>
    </p>
   </div>
   <div class='ocr_carea' id='block_1_4' title="bbox 246 2523 1179 2806">
    <p class='ocr_par' dir='ltr' id='par_1_6' title="bbox 246 2523 1179 2806">
     <span class='ocr_line' id='line_1_22' title="bbox 247 2523 1178 2592; baseline -0.005 -9"><span class='ocrx_word' id='word_1_131' title='bbox 247 2527 293 2583; x_wconf 87' lang='lat' dir='ltr'><strong>sic</strong></span> <span class='ocrx_word' id='word_1_132' title='bbox 309 2525 402 2582; x_wconf 88' lang='lat' dir='ltr'><strong>latina·</strong></span> <span class='ocrx_word' id='word_1_133' title='bbox 415 2525 543 2579; x_wconf 85' lang='lat' dir='ltr'><strong>fecerat:</strong></span> <span class='ocrx_word' id='word_1_134' title='bbox 578 2523 682 2578; x_wconf 85' lang='lat' dir='ltr'><strong>malis</strong></span> <span class='ocrx_word' id='word_1_135' title='bbox 700 2523 823 2578; x_wconf 86' lang='lat' dir='ltr'><strong>baberi</strong></span> <span class='ocrx_word' id='word_1_136' title='bbox 844 2527 946 2592; x_wconf 86' lang='lat' dir='ltr'><strong>justa</strong></span> <span class='ocrx_word' id='word_1_137' title='bbox 963 2539 1061 2592; x_wconf 83' lang='lat' dir='ltr'><strong>quam</strong></span> <span class='ocrx_word' id='word_1_138' title='bbox 1076 2527 1178 2592; x_wconf 82' lang='lat' dir='ltr'><strong>juste</strong></span> 
     </span>
     <span class='ocr_line' id='line_1_23' title="bbox 248 2592 1179 2666; baseline -0.004 -15"><span class='ocrx_word' id='word_1_139' title='bbox 248 2611 378 2666; x_wconf 79' lang='lat' dir='ltr'><strong>agere,</strong></span> <span class='ocrx_word' id='word_1_140' title='bbox 413 2605 444 2649; x_wconf 90' lang='lat' dir='ltr'><strong>et</strong></span> <span class='ocrx_word' id='word_1_141' title='bbox 461 2595 560 2648; x_wconf 87' lang='lat' dir='ltr'><strong>eodem</strong></span> <span class='ocrx_word' id='word_1_142' title='bbox 582 2594 666 2648; x_wconf 88' lang='lat' dir='ltr'><strong>modo</strong></span> <span class='ocrx_word' id='word_1_143' title='bbox 684 2593 731 2646; x_wconf 86' lang='lat' dir='ltr'><strong>vel</strong></span> <span class='ocrx_word' id='word_1_144' title='bbox 757 2592 906 2648; x_wconf 86' lang='lat' dir='ltr'><strong>simillime</strong></span> <span class='ocrx_word' id='word_1_145' title='bbox 930 2595 1022 2648; x_wconf 82' lang='lat' dir='ltr'><strong>locam</strong></span> <span class='ocrx_word' id='word_1_146' title='bbox 1040 2602 1179 2664; x_wconf 85' lang='lat' dir='ltr'><strong>ceperunt</strong></span> 
     </span>
     <span class='ocr_line' id='line_1_24' title="bbox 246 2661 1177 2734; baseline -0.006 -14"><span class='ocrx_word' id='word_1_147' title='bbox 246 2667 432 2734; x_wconf 83' lang='lat' dir='ltr'><strong>insequentes</strong></span> <span class='ocrx_word' id='word_1_148' title='bbox 449 2663 633 2733; x_wconf 82' lang='lat' dir='ltr'><strong>interpretes.</strong></span> <span class='ocrx_word' id='word_1_149' title='bbox 679 2661 786 2717; x_wconf 87' lang='lat' dir='ltr'><strong>Verum</strong></span> <span class='ocrx_word' id='word_1_150' title='bbox 804 2664 878 2717; x_wconf 88' lang='lat' dir='ltr'><strong>enim</strong></span> <span class='ocrx_word' id='word_1_151' title='bbox 898 2681 966 2718; x_wconf 86' lang='lat' dir='ltr'><strong>vero</strong></span> <span class='ocrx_word' id='word_1_152' title='bbox 977 2701 990 2727; x_wconf 75' lang='grc'><strong><em>,</em></strong></span> <span class='ocrx_word' id='word_1_153' title='bbox 1017 2669 1053 2716; x_wconf 83' lang='lat' dir='ltr'><strong>ut</strong></span> <span class='ocrx_word' id='word_1_154' title='bbox 1070 2675 1177 2728; x_wconf 75' lang='lat' dir='ltr'><strong>taceam</strong></span> 
     </span>
     <span class='ocr_line' id='line_1_25' title="bbox 247 2731 1176 2806; baseline -0.004 -16"><span class='ocrx_word' id='word_1_155' title='bbox 247 2737 286 2790; x_wconf 87' lang='lat' dir='ltr'><strong>de</strong></span> <span class='ocrx_word' id='word_1_156' title='bbox 310 2732 550 2806; x_wconf 80' lang='lat' dir='ltr'><strong>interpretatione</strong></span> <span class='ocrx_word' id='word_1_157' title='bbox 575 2731 697 2798; x_wconf 84' lang='lat' dir='ltr'><strong>prelis,</strong></span> <span class='ocrx_word' id='word_1_158' title='bbox 733 2732 810 2798; x_wconf 89' lang='lat' dir='ltr'><strong>quod</strong></span> <span class='ocrx_word' id='word_1_159' title='bbox 837 2732 926 2788; x_wconf 87' lang='lat' dir='ltr'><strong>latine</strong></span> <span class='ocrx_word' id='word_1_160' title='bbox 948 2732 1058 2787; x_wconf 89' lang='lat' dir='ltr'><strong>dicitnr</strong></span> <span class='ocrx_word' id='word_1_161' title='bbox 1082 2737 1176 2800; x_wconf 84' lang='lat' dir='ltr'><strong>justa</strong></span> 
     </span>
    </p>
   </div>
   <div class='ocr_carea' id='block_1_5' title="bbox 246 2795 1306 2872">
    <p class='ocr_par' dir='ltr' id='par_1_7' title="bbox 246 2795 1306 2872">
     <span class='ocr_line' id='line_1_26' title="bbox 246 2795 1306 2872; baseline -0.004 -13"><span class='ocrx_word' id='word_1_162' title='bbox 246 2803 371 2859; x_wconf 85' lang='lat' dir='ltr'><strong>haberi</strong></span> <span class='ocrx_word' id='word_1_163' title='bbox 392 2813 421 2858; x_wconf 86' lang='lat' dir='ltr'><strong>et</strong></span> <span class='ocrx_word' id='word_1_164' title='bbox 435 2805 674 2870; x_wconf 74' lang='lat' dir='ltr'><strong>J&#39;usteagere,</strong></span> <span class='ocrx_word' id='word_1_165' title='bbox 691 2800 855 2872; x_wconf 80' lang='lat' dir='ltr'><strong>Aeschylus</strong></span> <span class='ocrx_word' id='word_1_166' title='bbox 873 2803 947 2857; x_wconf 87' lang='lat' dir='ltr'><strong>hand</strong></span> <span class='ocrx_word' id='word_1_167' title='bbox 966 2803 1055 2856; x_wconf 89' lang='lat' dir='ltr'><strong>dubie</strong></span> <span class='ocrx_word' id='word_1_168' title='bbox 1072 2818 1177 2870; x_wconf 85' lang='lat' dir='ltr'><strong>graece</strong></span> <span class='ocrx_word' id='word_1_169' title='bbox 1203 2857 1206 2867; x_wconf 61' lang='grc'>,</span> <span class='ocrx_word' id='word_1_170' title='bbox 1301 2795 1306 2805; x_wconf 78' lang='grc'><em>“</em></span> 
     </span>
    </p>
   </div>
   <div class='ocr_carea' id='block_1_6' title="bbox 243 2866 1177 3426">
    <p class='ocr_par' dir='ltr' id='par_1_8' title="bbox 243 2866 1177 3426">
     <span class='ocr_line' id='line_1_27' title="bbox 246 2866 1175 2944; baseline -0.004 -16"><span class='ocrx_word' id='word_1_171' title='bbox 246 2873 467 2944; x_wconf 76' lang='lat' dir='ltr'><strong>expressisset,</strong></span> <span class='ocrx_word' id='word_1_172' title='bbox 504 2871 598 2924; x_wconf 82' lang='lat' dir='ltr'><strong>ittud:</strong></span> <span class='ocrx_word' id='word_1_173' title='bbox 631 2866 720 2922; x_wconf 72' lang='lat' dir='ltr'><strong>xddsw</strong></span> <span class='ocrx_word' id='word_1_174' title='bbox 748 2867 839 2923; x_wconf 72' lang='lat' dir='ltr'><strong>donula</strong></span> <span class='ocrx_word' id='word_1_175' title='bbox 868 2874 913 2926; x_wconf 84' lang='lat' dir='ltr'><strong>vel</strong></span> <span class='ocrx_word' id='word_1_176' title='bbox 941 2868 1064 2937; x_wconf 68' lang='lat' dir='ltr'><strong>dianeos,</strong></span> <span class='ocrx_word' id='word_1_177' title='bbox 1100 2873 1175 2925; x_wconf 85' lang='lat' dir='ltr'><strong>hoca</strong></span> 
     </span>
     <span class='ocr_line' id='line_1_28' title="bbox 246 2939 1177 3077; baseline -0.003 -12"><span class='ocrx_word' id='word_1_178' title='bbox 246 2939 658 3066; x_wconf 63' lang='lat' dir='ltr'><strong>llfillll?“‘lt.n¹l.⁶.⁰.‘l.</strong></span> <span class='ocrx_word' id='word_1_179' title='bbox 676 2939 1177 3077; x_wconf 64' lang='lat' dir='ltr'><strong>bli&#39;ll·.ilui‘¹tv⁸.¹lz&#39;‘li‘l‘ll</strong></span> 
     </span>
     <span class='ocr_line' id='line_1_29' title="bbox 245 3028 1175 3160; baseline -0.005 -25"><span class='ocrx_word' id='word_1_180' title='bbox 245 3082 360 3149; x_wconf 84' lang='lat' dir='ltr'><strong>quidem</strong></span> <span class='ocrx_word' id='word_1_181' title='bbox 387 3051 583 3158; x_wconf 79' lang='lat' dir='ltr'><strong>adprascripta</strong></span> <span class='ocrx_word' id='word_1_182' title='bbox 609 3089 655 3132; x_wconf 86' lang='lat' dir='ltr'><strong>est</strong></span> <span class='ocrx_word' id='word_1_183' title='bbox 671 3045 770 3158; x_wconf 35' lang='lat' dir='ltr'><strong>&#39;liter-:a</strong></span> <span class='ocrx_word' id='word_1_184' title='bbox 793 3079 816 3129; x_wconf 79' lang='grc' dir='ltr'><strong><em>ὦ</em></strong></span> <span class='ocrx_word' id='word_1_185' title='bbox 831 3115 840 3144; x_wconf 91' lang='grc'><strong><em>,</em></strong></span> <span class='ocrx_word' id='word_1_186' title='bbox 871 3051 943 3160; x_wconf 52' lang='grc' dir='ltr'><strong>ρεέἀ</strong></span> <span class='ocrx_word' id='word_1_187' title='bbox 970 3028 1175 3134; x_wconf 70' lang='lat' dir='ltr'><strong>tis’ntedicet</strong></span> 
     </span>
     <span class='ocr_line' id='line_1_30' title="bbox 246 3147 1177 3220; baseline -0.005 -13"><span class='ocrx_word' id='word_1_188' title='bbox 246 3150 441 3207; x_wconf 86' lang='lat' dir='ltr'><strong>correctiones</strong></span> <span class='ocrx_word' id='word_1_189' title='bbox 468 3148 578 3202; x_wconf 82' lang='lat' dir='ltr'><strong>nnlltns</strong></span> <span class='ocrx_word' id='word_1_190' title='bbox 606 3161 718 3200; x_wconf 87' lang='lat' dir='ltr'><strong>omnmo</strong></span> <span class='ocrx_word' id='word_1_191' title='bbox 743 3148 878 3202; x_wconf 77' lang='lat' dir='ltr'><strong>antellext</strong></span> <span class='ocrx_word' id='word_1_192' title='bbox 906 3147 992 3220; x_wconf 88' lang='lat' dir='ltr'><strong>pretii</strong></span> <span class='ocrx_word' id='word_1_193' title='bbox 1020 3165 1108 3216; x_wconf 86' lang='lat' dir='ltr'><strong>esse,</strong></span> <span class='ocrx_word' id='word_1_194' title='bbox 1144 3156 1177 3202; x_wconf 90' lang='lat' dir='ltr'><strong>ut</strong></span> 
     </span>
     <span class='ocr_line' id='line_1_31' title="bbox 246 3215 1176 3288; baseline -0.003 -14"><span class='ocrx_word' id='word_1_195' title='bbox 246 3221 399 3288; x_wconf 81' lang='lat' dir='ltr'><strong>quaesere</strong></span> <span class='ocrx_word' id='word_1_196' title='bbox 422 3217 451 3270; x_wconf 91' lang='lat' dir='ltr'><strong>id</strong></span> <span class='ocrx_word' id='word_1_197' title='bbox 471 3215 621 3271; x_wconf 86' lang='lat' dir='ltr'><strong>scribendi</strong></span> <span class='ocrx_word' id='word_1_198' title='bbox 639 3231 729 3284; x_wconf 83' lang='lat' dir='ltr'><strong>genus</strong></span> <span class='ocrx_word' id='word_1_199' title='bbox 747 3219 981 3287; x_wconf 75' lang='lat' dir='ltr'><strong>repraesentent,</strong></span> <span class='ocrx_word' id='word_1_200' title='bbox 1017 3219 1092 3285; x_wconf 85' lang='lat' dir='ltr'><strong>quod</strong></span> <span class='ocrx_word' id='word_1_201' title='bbox 1111 3218 1176 3272; x_wconf 89' lang='lat' dir='ltr'><strong>vul·</strong></span> 
     </span>
     <span class='ocr_line' id='line_1_32' title="bbox 243 3285 1175 3359; baseline -0.004 -15"><span class='ocrx_word' id='word_1_202' title='bbox 243 3300 326 3359; x_wconf 78' lang='lat' dir='ltr'><strong>gatae</strong></span> <span class='ocrx_word' id='word_1_203' title='bbox 349 3286 463 3343; x_wconf 87' lang='lat' dir='ltr'><strong>nomine</strong></span> <span class='ocrx_word' id='word_1_204' title='bbox 489 3285 576 3340; x_wconf 88' lang='lat' dir='ltr'><strong>bodie</strong></span> <span class='ocrx_word' id='word_1_205' title='bbox 603 3286 799 3356; x_wconf 84' lang='lat' dir='ltr'><strong>pervulgatum</strong></span> <span class='ocrx_word' id='word_1_206' title='bbox 826 3297 906 3354; x_wconf 76' lang='lat' dir='ltr'><strong>esta,</strong></span> <span class='ocrx_word' id='word_1_207' title='bbox 942 3296 974 3342; x_wconf 88' lang='lat' dir='ltr'><strong>nt</strong></span> <span class='ocrx_word' id='word_1_208' title='bbox 997 3289 1085 3342; x_wconf 82' lang='lat' dir='ltr'><strong>uerba</strong></span> <span class='ocrx_word' id='word_1_209' title='bbox 1109 3289 1175 3342; x_wconf 89' lang='lat' dir='ltr'><strong>Ro-</strong></span> 
     </span>
     <span class='ocr_line' id='line_1_33' title="bbox 244 3352 1175 3426; baseline -0.004 -12"><span class='ocrx_word' id='word_1_210' title='bbox 244 3358 349 3413; x_wconf 89' lang='lat' dir='ltr'><strong>berti</strong></span> <span class='ocrx_word' id='word_1_211' title='bbox 375 3354 537 3424; x_wconf 81' lang='lat' dir='ltr'><strong>Engeri,</strong></span> <span class='ocrx_word' id='word_1_212' title='bbox 573 3352 602 3407; x_wconf 86' lang='lat' dir='ltr'><strong>in</strong></span> <span class='ocrx_word' id='word_1_213' title='bbox 621 3354 721 3424; x_wconf 84' lang='lat' dir='ltr'><strong>script.</strong></span> <span class='ocrx_word' id='word_1_214' title='bbox 740 3355 776 3408; x_wconf 90' lang='lat' dir='ltr'><strong>de</strong></span> <span class='ocrx_word' id='word_1_215' title='bbox 793 3354 963 3426; x_wconf 79' lang='lat' dir='ltr'><strong>Aeschyliis</strong></span> <span class='ocrx_word' id='word_1_216' title='bbox 984 3357 1104 3412; x_wconf 86' lang='lat' dir='ltr'><strong>antistrc</strong></span> <span class='ocrx_word' id='word_1_217' title='bbox 1127 3356 1175 3410; x_wconf 89' lang='lat' dir='ltr'><strong>hi·</strong></span> 
     </span>
    </p>
   </div>
   <div class='ocr_carea' id='block_1_7' title="bbox 231 3423 1286 3497">
    <p class='ocr_par' dir='ltr' id='par_1_9' title="bbox 231 3423 1286 3497">
     <span class='ocr_line' id='line_1_34' title="bbox 231 3423 1286 3497; baseline -0.003 -14"><span class='ocrx_word' id='word_1_218' title='bbox 231 3445 341 3484; x_wconf 62' lang='lat' dir='ltr'><strong>norum</strong></span> <span class='ocrx_word' id='word_1_219' title='bbox 360 3423 596 3497; x_wconf 86' lang='lat' dir='ltr'><strong>responsionibus</strong></span> <span class='ocrx_word' id='word_1_220' title='bbox 613 3439 641 3494; x_wconf 91' lang='lat' dir='ltr'><strong>p.</strong></span> <span class='ocrx_word' id='word_1_221' title='bbox 659 3425 693 3478; x_wconf 81' lang='lat' dir='ltr'><strong>st</strong></span> <span class='ocrx_word' id='word_1_222' title='bbox 709 3423 843 3493; x_wconf 86' lang='lat' dir='ltr'><strong>prolata,</strong></span> <span class='ocrx_word' id='word_1_223' title='bbox 873 3440 933 3480; x_wconf 88' lang='lat' dir='ltr'><strong>mea</strong></span> <span class='ocrx_word' id='word_1_224' title='bbox 953 3425 1060 3480; x_wconf 80' lang='lat' dir='ltr'><strong>taciem:</strong></span> <span class='ocrx_word' id='word_1_225' title='bbox 1125 3444 1175 3480; x_wconf 89' lang='lat' dir='ltr'><strong>aec</strong></span> <span class='ocrx_word' id='word_1_226' title='bbox 1282 3453 1286 3462; x_wconf 92' lang='lat'>·</span> 
     </span>
    </p>
   </div>
   <div class='ocr_carea' id='block_1_8' title="bbox 147 3493 1173 3911">
    <p class='ocr_par' dir='ltr' id='par_1_10' title="bbox 147 3493 1173 3644">
     <span class='ocr_line' id='line_1_35' title="bbox 147 3493 1173 3566; baseline 0.005 -20"><span class='ocrx_word' id='word_1_227' title='bbox 147 3532 151 3546; x_wconf 95' lang='lat'><strong>.</strong></span> <span class='ocrx_word' id='word_1_228' title='bbox 243 3498 359 3566; x_wconf 82' lang='lat' dir='ltr'><strong>quidem</strong></span> <span class='ocrx_word' id='word_1_229' title='bbox 376 3494 467 3550; x_wconf 84' lang='lat' dir='ltr'><strong>lectio</strong></span> <span class='ocrx_word' id='word_1_230' title='bbox 491 3510 544 3548; x_wconf 90' lang='lat' dir='ltr'><strong>nec</strong></span> <span class='ocrx_word' id='word_1_231' title='bbox 564 3493 628 3563; x_wconf 86' lang='lat' dir='ltr'><strong>ipsa</strong></span> <span class='ocrx_word' id='word_1_232' title='bbox 644 3501 739 3562; x_wconf 88' lang='lat' dir='ltr'><strong>aptum</strong></span> <span class='ocrx_word' id='word_1_233' title='bbox 758 3509 870 3547; x_wconf 87' lang='lat' dir='ltr'><strong>sensnm</strong></span> <span class='ocrx_word' id='word_1_234' title='bbox 887 3495 996 3560; x_wconf 84' lang='lat' dir='ltr'><strong>fundit,</strong></span> <span class='ocrx_word' id='word_1_235' title='bbox 1025 3496 1075 3550; x_wconf 87' lang='lat' dir='ltr'><strong>sed</strong></span> <span class='ocrx_word' id='word_1_236' title='bbox 1094 3497 1173 3551; x_wconf 87' lang='lat' dir='ltr'><strong>orie·</strong></span> 
     </span>
     <span class='ocr_line' id='line_1_36' title="bbox 243 3559 1172 3644; baseline -0.005 -21"><span class='ocrx_word' id='word_1_237' title='bbox 243 3577 292 3623; x_wconf 87' lang='lat' dir='ltr'><strong>tur</strong></span> <span class='ocrx_word' id='word_1_238' title='bbox 313 3566 439 3638; x_wconf 88' lang='lat' dir='ltr'><strong>optimus</strong></span> <span class='ocrx_word' id='word_1_239' title='bbox 465 3563 537 3618; x_wconf 90' lang='lat' dir='ltr'><strong>ille.</strong></span> <span class='ocrx_word' id='word_1_240' title='bbox 572 3577 654 3629; x_wconf 87' lang='lat' dir='ltr'><strong>quem</strong></span> <span class='ocrx_word' id='word_1_241' title='bbox 680 3576 767 3632; x_wconf 87' lang='lat' dir='ltr'><strong>snpra</strong></span> <span class='ocrx_word' id='word_1_242' title='bbox 790 3559 1007 3644; x_wconf 86' lang='lat' dir='ltr'><strong>interpretando</strong></span> <span class='ocrx_word' id='word_1_243' title='bbox 1025 3567 1172 3638; x_wconf 88' lang='lat' dir='ltr'><strong>expressi-</strong></span> 
     </span>
    </p>

    <p class='ocr_par' dir='ltr' id='par_1_11' title="bbox 147 3629 1173 3911">
     <span class='ocr_line' id='line_1_37' title="bbox 147 3629 1173 3704; baseline -0.004 -13"><span class='ocrx_word' id='word_1_244' title='bbox 147 3659 151 3668; x_wconf 70' lang='lat'><strong><em>¹</em></strong></span> <span class='ocrx_word' id='word_1_245' title='bbox 242 3652 323 3704; x_wconf 80' lang='lat' dir='ltr'><strong>mus,</strong></span> <span class='ocrx_word' id='word_1_246' title='bbox 359 3635 386 3689; x_wconf 82' lang='lat' dir='ltr'><strong>si</strong></span> <span class='ocrx_word' id='word_1_247' title='bbox 413 3649 468 3688; x_wconf 89' lang='lat' dir='ltr'><strong>una</strong></span> <span class='ocrx_word' id='word_1_248' title='bbox 495 3633 582 3686; x_wconf 85' lang='lat' dir='ltr'><strong>litera</strong></span> <span class='ocrx_word' id='word_1_249' title='bbox 608 3637 713 3685; x_wconf 84' lang='lat' dir='ltr'><strong>mutata</strong></span> <span class='ocrx_word' id='word_1_250' title='bbox 737 3629 911 3700; x_wconf 74' lang='lat' dir='ltr'><strong>scripseris:</strong></span> <span class='ocrx_word' id='word_1_251' title='bbox 946 3631 1116 3690; x_wconf 73' lang='grc' dir='ltr'><strong><em>δικαιοῦν.</em></strong></span> <span class='ocrx_word' id='word_1_252' title='bbox 1140 3665 1173 3676; x_wconf 90' lang='lat'><em>-</em></span> 
     </span>
     <span class='ocr_line' id='line_1_38' title="bbox 243 3698 1173 3772; baseline -0.004 -10"><span class='ocrx_word' id='word_1_253' title='bbox 243 3707 323 3762; x_wconf 80' lang='lat' dir='ltr'><strong>Oeae</strong></span> <span class='ocrx_word' id='word_1_254' title='bbox 340 3705 424 3772; x_wconf 86' lang='lat' dir='ltr'><strong>hujus</strong></span> <span class='ocrx_word' id='word_1_255' title='bbox 442 3701 500 3756; x_wconf 90' lang='lat' dir='ltr'><strong>loci</strong></span> <span class='ocrx_word' id='word_1_256' title='bbox 519 3698 676 3755; x_wconf 86' lang='lat' dir='ltr'><strong>emendatio</strong></span> <span class='ocrx_word' id='word_1_257' title='bbox 704 3709 789 3768; x_wconf 85' lang='lat' dir='ltr'><strong>atque</strong></span> <span class='ocrx_word' id='word_1_258' title='bbox 809 3701 970 3770; x_wconf 78' lang='lat' dir='ltr'><strong>explicatio</strong></span> <span class='ocrx_word' id='word_1_259' title='bbox 988 3704 1015 3757; x_wconf 89' lang='lat' dir='ltr'><strong>si</strong></span> <span class='ocrx_word' id='word_1_260' title='bbox 1035 3721 1100 3760; x_wconf 83' lang='lat' dir='ltr'><strong>vera</strong></span> <span class='ocrx_word' id='word_1_261' title='bbox 1119 3713 1173 3768; x_wconf 85' lang='lat' dir='ltr'><strong>est,</strong></span> 
     </span>
     <span class='ocr_line' id='line_1_39' title="bbox 242 3771 1172 3846; baseline -0.001 -17"><span class='ocrx_word' id='word_1_262' title='bbox 242 3792 317 3829; x_wconf 77' lang='lat' dir='ltr'><strong>novo</strong></span> <span class='ocrx_word' id='word_1_263' title='bbox 334 3778 499 3842; x_wconf 85' lang='lat' dir='ltr'><strong>argumento</strong></span> <span class='ocrx_word' id='word_1_264' title='bbox 522 3780 661 3840; x_wconf 82' lang='lat' dir='ltr'><strong>apparet,</strong></span> <span class='ocrx_word' id='word_1_265' title='bbox 696 3785 757 3823; x_wconf 86' lang='lat' dir='ltr'><strong>earn</strong></span> <span class='ocrx_word' id='word_1_266' title='bbox 780 3771 938 3838; x_wconf 83' lang='lat' dir='ltr'><strong>rationem,</strong></span> <span class='ocrx_word' id='word_1_267' title='bbox 974 3790 1030 3842; x_wconf 85' lang='lat' dir='ltr'><strong>qua</strong></span> <span class='ocrx_word' id='word_1_268' title='bbox 1053 3790 1172 3846; x_wconf 84' lang='lat' dir='ltr'><strong>praece·</strong></span> 
     </span>
     <span class='ocr_line' id='line_1_40' title="bbox 243 3838 1087 3911; baseline -0.004 -14"><span class='ocrx_word' id='word_1_269' title='bbox 243 3847 355 3900; x_wconf 86' lang='lat' dir='ltr'><strong>dentem</strong></span> <span class='ocrx_word' id='word_1_270' title='bbox 372 3857 482 3896; x_wconf 87' lang='lat' dir='ltr'><strong>versum</strong></span> <span class='ocrx_word' id='word_1_271' title='bbox 500 3839 682 3910; x_wconf 84' lang='lat' dir='ltr'><strong>accepimus,</strong></span> <span class='ocrx_word' id='word_1_272' title='bbox 713 3838 798 3893; x_wconf 88' lang='lat' dir='ltr'><strong>unice</strong></span> <span class='ocrx_word' id='word_1_273' title='bbox 817 3841 996 3911; x_wconf 86' lang='lat' dir='ltr'><strong>probabilem</strong></span> <span class='ocrx_word' id='word_1_274' title='bbox 1014 3859 1087 3898; x_wconf 90' lang='lat' dir='ltr'><strong>esse.</strong></span> 
     </span>
    </p>
   </div>
   <div class='ocr_carea' id='block_1_9' title="bbox 161 3929 1266 4006">
    <p class='ocr_par' dir='ltr' id='par_1_12' title="bbox 161 3929 1266 4006">
     <span class='ocr_line' id='line_1_41' title="bbox 161 3929 1266 4006; baseline 0 -16"><span class='ocrx_word' id='word_1_275' title='bbox 161 3937 207 4003; x_wconf 84' lang='lat' dir='ltr'><strong>st)</strong></span> <span class='ocrx_word' id='word_1_276' title='bbox 243 3935 304 3988; x_wconf 82' lang='lat' dir='ltr'><strong>etr.</strong></span> <span class='ocrx_word' id='word_1_277' title='bbox 331 3931 643 4000; x_wconf 84' lang='lat' dir='ltr'><strong>quaeWelclserns</strong></span> <span class='ocrx_word' id='word_1_278' title='bbox 669 3929 825 4002; x_wconf 84' lang='lat' dir='ltr'><strong>disputavit</strong></span> <span class='ocrx_word' id='word_1_279' title='bbox 853 3933 881 3986; x_wconf 92' lang='lat' dir='ltr'><strong>in</strong></span> <span class='ocrx_word' id='word_1_280' title='bbox 907 3934 986 3989; x_wconf 90' lang='lat' dir='ltr'><strong>libro</strong></span> <span class='ocrx_word' id='word_1_281' title='bbox 1011 3934 1173 4006; x_wconf 81' lang='lat' dir='ltr'><strong>germanice</strong></span> <span class='ocrx_word' id='word_1_282' title='bbox 1263 3993 1266 3998; x_wconf 20' lang='grc' dir='ltr'><strong>Δ</strong></span> 
     </span>
    </p>
   </div>
   <div class='ocr_carea' id='block_1_10' title="bbox 242 3993 1172 4142">
    <p class='ocr_par' dir='ltr' id='par_1_13' title="bbox 242 3993 1172 4142">
     <span class='ocr_line' id='line_1_42' title="bbox 242 3993 1172 4082; baseline 0.003 -26"><span class='ocrx_word' id='word_1_283' title='bbox 242 4001 400 4072; x_wconf 86' lang='lat' dir='ltr'><strong>inscripto:</strong></span> <span class='ocrx_word' id='word_1_284' title='bbox 425 3997 490 4082; x_wconf 72' lang='lat' dir='ltr'><strong>,sdic</strong></span> <span class='ocrx_word' id='word_1_285' title='bbox 504 3993 715 4072; x_wconf 65' lang='lat' dir='ltr'><strong>Aeschylisclte</strong></span> <span class='ocrx_word' id='word_1_286' title='bbox 731 3999 878 4072; x_wconf 78' lang='lat' dir='ltr'><strong>Trilogier</strong></span> <span class='ocrx_word' id='word_1_287' title='bbox 900 4015 966 4060; x_wconf 89' lang='lat' dir='ltr'><strong>cett.</strong></span> <span class='ocrx_word' id='word_1_288' title='bbox 973 4043 983 4075; x_wconf 94' lang='lat'><strong>,</strong></span> <span class='ocrx_word' id='word_1_289' title='bbox 1000 4023 1028 4078; x_wconf 93' lang='lat' dir='ltr'><strong>p.</strong></span> <span class='ocrx_word' id='word_1_290' title='bbox 1040 4007 1091 4061; x_wconf 77' lang='lat' dir='ltr'><strong>stt</strong></span> <span class='ocrx_word' id='word_1_291' title='bbox 1110 4020 1172 4072; x_wconf 84' lang='lat' dir='ltr'><strong>sqq.</strong></span> 
     </span>
     <span class='ocr_line' id='line_1_43' title="bbox 242 4069 952 4142; baseline 0.001 -16"><span class='ocrx_word' id='word_1_292' title='bbox 242 4081 272 4128; x_wconf 86' lang='lat' dir='ltr'><strong>et</strong></span> <span class='ocrx_word' id='word_1_293' title='bbox 288 4071 466 4128; x_wconf 78' lang='lat' dir='ltr'><strong>Muellerr</strong></span> <span class='ocrx_word' id='word_1_294' title='bbox 492 4070 586 4124; x_wconf 85' lang='lat' dir='ltr'><strong>adnot.</strong></span> <span class='ocrx_word' id='word_1_295' title='bbox 603 4071 639 4124; x_wconf 89' lang='lat' dir='ltr'><strong>ad</strong></span> <span class='ocrx_word' id='word_1_296' title='bbox 657 4069 774 4126; x_wconf 87' lang='lat' dir='ltr'><strong>Eumen.</strong></span> <span class='ocrx_word' id='word_1_297' title='bbox 794 4088 823 4142; x_wconf 93' lang='lat' dir='ltr'><strong>p.</strong></span> <span class='ocrx_word' id='word_1_298' title='bbox 841 4073 892 4127; x_wconf 81' lang='lat' dir='ltr'><strong>lat</strong></span> <span class='ocrx_word' id='word_1_299' title='bbox 910 4089 952 4140; x_wconf 87' lang='lat' dir='ltr'><strong>sq.</strong></span> 
     </span>
    </p>
   </div>
   <div class='ocr_carea' id='block_1_11' title="bbox 0 0 1402 4692">
    <p class='ocr_par' dir='ltr' id='par_1_14' title="bbox 0 0 1402 4692">
     <span class='ocr_line' id='line_1_44' title="bbox 0 0 1402 4692; baseline 0 5"><span class='ocrx_word' id='word_1_300' title='bbox 0 0 1402 4692; x_wconf 95' lang='lat' dir='ltr'><strong> </strong></span> 
     </span>
    </p>
   </div>
  </div>
 </body>
</html>
