2812 4690
255 335 327 410 loo

251 509 339 572 Statt
366 509 460 590 send,
498 527 535 572 so
562 505 637 570 sind
658 507 713 574 die
732 506 954 598 Areopagiten
981 507 1088 572 durch
1109 505 1174 574 den
1194 505 1289 572 Aus-

252 591 358 657 druck
388 593 563 658 Richter
593 593 696 654 iiber
725 591 864 669 Mord,
901 591 1285 670 derybeschworen

251 674 419 746 werden
440 696 568 753 muso,
590 674 834 763 unzweideutig
855 677 1055 740 bezeichnet.
1099 676 1168 738 Der
1183 675 1284 738 Arti-

191 809 193 818 .
251 761 307 824 lcel
333 757 386 824 τὸν
416 759 534 823 hinter
547 756 667 840 θεσμὸν
694 761 740 822 ist
760 757 924 822 durchaus
945 761 1065 824 attisch
1086 757 1155 822 und
1175 779 1213 822 so
1235 779 1284 832 au

139 887 144 904 t
252 844 423 908 erklirenr
455 843 518 906 als
538 841 753 930 Stiftung,
783 845 844 906 als
872 846 965 906 eine
985 843 1180 930 Stiftung
1207 846 1283 904 fiir

252 930 382 1013 ewige
413 927 592 991 zellens
646 927 694 988 Ac
722 926 764 990 de
793 931 968 1010 postremis
999 926 1132 1011 quidem
1163 926 1282 999 verbis

251 1032 386 1096 prorsus
411 1013 503 1074 ¹facio
530 1030 604 1073 cum
629 1014 706 1073 viro
735 1009 850 1084 doct03
887 1010 1039 1094 improbo
1059 1030 1158 1086 vero,
1193 1029 1281 1090 quae

253 1095 295 1158 de
324 1095 493 1158 locutione
526 1090 629 1176 ςὸὁνων
650 1094 763 1176 ὁρκίων
791 1093 957 1176 disputata
984 1102 1069 1157 sunt
1133 1092 1280 1156 Versum

224 1231 226 1236 ,
252 1183 314 1246 407
343 1180 532 1266 negavimus
560 1199 659 1262 supra
688 1176 730 1239 ad
760 1179 927 1258 θιωμοσίαν
955 1176 1166 1242 referendum
1196 1196 1279 1238 esse.

253 1266 397 1346 Quaeras
419 1270 537 1336 autem,
561 1283 625 1346 quo
645 1263 718 1342 jure
737 1261 891 1326 Minerva
913 1262 1071 1324 hocloco
1094 1256 1198 1342 φόνων
1221 1259 1281 1341 ὁρ-

251 1349 326 1410 κίων
347 1343 458 1409 dicere
484 1350 650 1428 potuerit,
682 1364 721 1407 eo
742 1364 858 1424 sensu,
885 1364 982 1427 quem
1003 1344 1205 1406 Fritzsehius
1227 1342 1280 1405 di-

252 1431 372 1496 ctionis
394 1449 462 1492 esse
481 1430 606 1509 voluit,
628 1438 662 1490 et
683 1429 771 1490 inira
790 1439 899 1511 partes
920 1429 968 1490 sic
990 1428 1207 1509 compellare:

374 1513 480 1594 Ὑμεῖς
502 1512 534 1574 δὲ
553 1510 708 1594 μαρτύριά
728 1533 760 1574 τε
780 1514 833 1575 καί
852 1509 1002 1611 τεκμήρια

377 1591 528 1672 καλεῖσθ’,
553 1592 686 1679 ἀρωγοὶ
705 1597 774 1672 τῆς
796 1597 911 1671 δίκης
930 1603 957 1658 θ
987 1591 1212 1676 ὁρκώματα,

252 1703 334 1768 quas
356 1701 455 1785 supra
474 1701 573 1744 versu
593 1685 655 1746 olo
676 1682 724 1742 ita
746 1681 882 1762 loquuta
902 1681 1021 1746 fuerits

378 1768 486 1849 ὅρκοις
505 1757 545 1828 καὶ
564 1762 606 1846 μῆ
629 1763 733 1827 δίκαια
752 1760 793 1844 μή
815 1764 904 1827 ννκᾶν
923 1760 1008 1844 λέγω.

253 1851 397 1914 Omnino
417 1846 498 1927 dea,
521 1851 657 1934 opinor,
681 1849 746 1910 nisi
766 1848 831 1910 sibi
853 1847 1080 1913 contradicere
1100 1851 1213 1930 vellet,
1234 1850 1278 1915 ad

252 1931 476 2016 jusjurandum
503 1935 539 1994 in
559 1933 732 2018 Areopago
761 1951 781 1993 a
808 1933 958 2013 pertibus
978 1931 1053 1994 dari
1073 1936 1208 1997 solitum
1235 1957 1278 1998 ne

251 2019 354 2084 verbo
382 2015 515 2098 quidem
544 2014 692 2079 alludere
719 2012 866 2077 debebat.
929 2015 971 2076 Et
998 2020 1148 2098 profecto
1176 2021 1275 2096 iufra,

251 2103 311 2165 ubi
336 2119 388 2162 res
416 2100 488 2182 ipsa
513 2101 641 2186 agitur,
673 2098 765 2178 illiue
796 2098 890 2160 nulla
919 2117 1055 2179 prorsus
1074 2103 1197 2165 mentio
1223 2103 1271 2164 fit.
1388 2121 1389 2128 ¹

252 2180 350 2266 Quod
379 2185 568 2264 neutiquam
595 2183 644 2244 sic
679 2189 729 2242 est
757 2200 778 2244 a
813 2189 911 2262 poeta
946 2183 1151 2264 institutum,
1194 2187 1275 2266 quia

253 2277 362 2331 actum
399 2275 475 2329 ante
513 2267 625 2328 oculos
658 2271 879 2347 spectatorum
912 2284 980 2328 non
1013 2265 1196 2348 decuisset,
1234 2278 1276 2332 ut

252 2349 452 2414 Fritzs'chius
481 2358 576 2433 putat
602 2349 715 2432 aliquo
745 2349 828 2412 loco.
892 2349 1111 2415 Proferuntur
1141 2349 1276 2436 quidem

252 2432 407 2518 μαρτύρια
428 2442 463 2497 et
481 2430 647 2516 τεκμήρια,
680 2441 715 2494 at
741 2451 900 2517 nusquam
922 2429 1099 2516 ὁρκώματα.
1151 2434 1275 2500 Contra

251 2541 329 2584 mox
348 2519 504 2582 Minerva
525 2517 565 2580 de
585 2515 747 2597 judicibus
768 2518 868 2580 verba
888 2519 1012 2580 iaciens
1031 2521 1157 2598 innuit,
1175 2517 1276 2584 hosce
1389 2521 1390 2574 l

153 2667 156 2672 ,
251 2600 460 2684 jurejurando
481 2602 752 2686 obligatoresse,
771 2599 839 2664 vid„
861 2600 918 2664 Vs.
941 2603 1004 2665 467
1012 2627 1021 2665 =
1125 2638 1127 2646 ·

378 2683 500 2768 ὅρκον
519 2686 676 2764 περῶντας
695 2683 788 2764 μηδὲν
808 2680 927 2747 ἔκδικον
948 2687 1068 2768 φρεσίν,
1248 2749 1252 2754 ,

251 2790 335 2854 quae
353 2771 455 2832 verba
475 2770 608 2831 nonnisi
628 2771 664 2830 in
684 2770 750 2830 fine
770 2777 926 2851 corrupta
946 2789 1004 2831 suo
1025 2773 1101 2834 loco
1124 2771 1272 2836 emenda-

250 2857 391 2927 buntur3
411 2856 469 2914 cfr.
492 2855 591 2917 etiam
611 2851 669 2916 Vs.
686 2855 764 2933 591,
787 2854 865 2927 650,
889 2853 961 2918 680.
1004 2855 1113 2934 Quare
1133 2857 1273 2920 vocabu-

251 2941 321 3001 lum
351 2935 465 3021 ὁρκίων
489 2956 557 3014 uon
587 2938 753 3020 pertinere
784 2934 826 2998 ad
855 2934 957 3016 φόνων
985 2939 1169 3020 probabilis
1197 2961 1274 3004 oon-

250 3025 376 3102 jectura
402 3030 461 3086 est.
510 3019 552 3082 Et
580 3022 677 3083 talem
709 3021 744 3080 in
775 3018 909 3083 modum
933 3025 1032 3084 verba
1064 3025 1275 3088 construebat

250 3108 460 3184 scholiastes,
490 3113 572 3167 teste
601 3105 662 3165 hac
694 3105 818 3189 glossa:
847 3101 949 3186 φόνων
969 3102 1119 3180 δικαστὰς
1147 3108 1274 3190 ὁρκίων)

251 3189 316 3254 οἷον
337 3186 529 3272 ἐνόρκους
553 3183 745 3260 δικαστὰς
765 3183 822 3270 s'ycl
842 3182 947 3263 θήσω.
991 3187 1178 3274 Scripserat
1197 3212 1274 3274 poe-

250 3284 284 3336 ta
306 3273 392 3358 quod
412 3274 512 3360 vulgo
537 3273 675 3357 legitur:

375 3355 477 3436 φόνων
499 3353 645 3430 δικαστὰς
666 3355 778 3437 ὁρκίων
799 3357 998 3442 αἱρουμένους

372 3436 491 3522 θεσμὸν
509 3436 562 3504 τὸν
583 3441 627 3514 εἷς
648 3435 751 3502 ἅπαντ’
773 3437 830 3522 ἐγώ
852 3438 946 3517 θήσω
968 3440 1093 3526 χρόνον,

249 3529 384 3611 jungens
411 3545 507 3589 voees
533 3524 602 3605 ὁρκ.
635 3528 699 3608 αἱρ.
740 3524 804 3587 hoc
832 3546 955 3588 sensus
983 3527 1080 3592 dato
1117 3529 1273 3609 jureju-

161 3599 165 3620 '
249 3608 383 3672 raudo
413 3609 637 3694 obligatos.
680 3609 751 3672 Nec
772 3627 871 3691 opus,
900 3614 1084 3676 mutatione
1111 3610 1199 3675 haud
1228 3615 1274 3676 ita

249 3693 381 3756 difficili
408 3692 527 3775 ὁρκίσις
553 3693 721 3773 scribere,
757 3697 817 3757 cfr.
844 3694 921 3755 Eur.
951 3695 1090 3779 Hippol.
1120 3695 1177 3760 Vs.
1200 3700 1273 3765 652.

249 3777 390 3841 Matth.=
415 3776 522 3859 ὅρκοις
544 3775 674 3862 ᾑρέθην.
1122 3820 1125 3832 .

331 3860 455 3924 Versus
476 3862 538 3923 464
559 3861 595 3920 in
617 3861 711 3921 libris
733 3880 828 3922 mser.
850 3862 899 3925 sic
920 3861 1075 3927 habetur:

370 3940 521 4008 Καλεΐσθ
543 3939 650 4028 ἀρωγοὶ
669 3944 724 4018 τῆς
745 3944 832 4019 δίκης
854 3944 1031 4026 ὁρκώματα,

247 4033 312 4096 nisi
340 4028 429 4112 quod
458 4025 546 4112 apud
576 4027 803 4093 Robortellum
837 4049 899 4111 pro
934 4028 1072 4103 καλεῖσθ’,
1103 4041 1272 4097 exaratum
