2770 4690
222 307 297 428 nr.¹

220 542 278 600 tus
304 524 391 622 ipsis
414 549 435 597 a
465 549 521 615 se,
557 523 643 598 dum
672 525 710 597 in
736 523 831 599 vivis
859 522 990 614 fuerit,
1017 520 1169 620 praebiti
1196 547 1253 599 ra·

220 627 358 710 tionem
395 622 569 717 habeant,
620 625 731 699 simul
777 625 1060 728 indignationem
1103 649 1255 699 movere

220 727 369 808 studens
385 740 421 798 et
444 725 620 820 pudorem
642 726 903 800 contumeliosa
925 725 1064 798 ratione
1086 724 1254 798 exltiben-

220 827 285 918 da,
333 851 402 922 qua
425 824 568 900 Orestes
601 827 703 922 quasi
726 827 901 899 ¹hinnulus
936 851 981 898 ex
1010 825 1142 899 mediis
1167 829 1253 899 reti-

220 927 289 1000 bus
323 927 453 1000 leviter
478 940 514 999 et
547 951 634 1000 cum
665 926 836 1002 irrisione
871 929 1008 1022 elapsus
1033 926 1090 1000 sit.
1143 926 1253 1000 Deni-

221 1053 292 1128 que
325 1029 518 1124 compellat
543 1027 688 1118 Furias,
735 1042 775 1100 ut
811 1053 849 1101 se
884 1025 1030 1102 audiant
1064 1042 1101 1100 et
1132 1042 1254 1101 mente

222 1141 381 1202 utantur.
408 1169 458 1180 --
522 1126 630 1200 Mutii
675 1129 824 1202 Chorus.
849 1171 898 1184 -—
966 1127 1254 1224 Clytaemnestra

223 1227 342 1325 carpit
362 1228 508 1321 Furias,
543 1227 636 1326 quod
663 1227 836 1319 mutiant,
863 1252 976 1322 quum
1002 1227 1146 1305 Orestes
1172 1253 1254 1326 pro-

223 1331 284 1404 cul
320 1329 519 1428 aufugerit,
564 1326 609 1402 ab
628 1328 812 1424 ‘Apolline'
833 1329 974 1402 scilicet
1007 1328 1146 1426 amico,
1192 1328 1255 1402 cui

224 1431 371 1528 supplex
390 1430 508 1504 factus
530 1426 653 1522 fuerit,
680 1444 824 1503 strenue
845 1429 985 1524 adjutus
995 1425 1121 1519 3⁴3).--
1162 1430 1254 1504 Cho-

225 1556 289 1604 rus
324 1555 451 1605 rursus
485 1530 617 1606 mutit.
632 1571 682 1582 -
753 1531 1040 1630 Clytaemnestra
1075 1530 1254 1626 queritur,

222 1629 353 1704 Furias
387 1629 565 1728 prolitndo
582 1641 583 1646 ’
599 1639 727 1706 somno
754 1647 874 1726 captas
906 1655 983 1706 esse
1015 1655 1128 1726 neque
1161 1634 1254 1706 cala-

223 1731 392 1806 mitatem
414 1756 517 1807 suam
540 1734 733 1828 conqueri,
760 1733 926 1805 Orestem
951 1755 1039 1805 vero
1065 1730 1176 1828 ipsius
1201 1732 1254 1804 in-

153 1929 155 1938 .
222 1833 460 1906 terfectorem
480 1831 670 1930 aufugisse.
692 1874 735 1888 -·
778 1832 918 1908 Chorus
936 1831 1132 1906 Furiarum
1158 1835 1254 1907 clan-

325 2015 447 2064 exstant.
499 2008 561 2062 lam
586 2024 652 2062 vero
681 2023 775 2078 parum
803 2009 945 2064 credibile
972 2022 1032 2078 est,
1068 2011 1252 2078 locutionem,

324 2093 405 2144 quam
432 2076 473 2131 ita
499 2076 601 2131 lucrati
630 2092 740 2142 sumus,
774 2077 810 2130 ab
836 2079 899 2147 ipso
925 2081 1070 2150 Aeschylo
1098 2083 1253 2150 prolectam

325 2161 399 2200 esse.
443 2145 661 2201 Dubitationem
680 2156 786 2214 movet,
816 2149 892 2213 quod
911 2165 949 2202 ex
966 2151 1150 2205 antecedente
1169 2167 1254 2205 uersu

324 2216 361 2268 ad
377 2216 461 2284 μοῖρα
482 2214 658 2282 cogitatione
681 2216 866 2285 supplendum
893 2229 969 2272 esset
987 2217 1094 2288 poturis,
1129 2220 1158 2275 id
1177 2221 1254 2287 quod

326 2300 362 2338 eo
387 2284 487 2338 durius
512 2282 640 2350 videtur,
676 2301 732 2350 quo
761 2283 935 2340 insolentior
961 2299 1004 2342 est
1035 2289 1142 2342 locutio
1169 2293 1256 2358 μοῖρα

327 2349 425 2420 φρενὸς
442 2370 494 2423 pro
513 2353 574 2406 sola
593 2369 663 2406 voce
681 2349 754 2422 φρήν
770 2352 907 2408 adhibita.
944 2357 1008 2410 Huc
1024 2357 1151 2422 accedit,
1177 2359 1254 2424 quod

326 2421 463 2476 meliores
482 2421 551 2476 libri
570 2439 624 2476 non
642 2419 715 2490 μοῖρ’
732 2417 900 2487 oiroo'osorr‘oo
918 2426 1081 2506 porrigunt,
1101 2427 1150 2480 sed
1168 2431 1255 2496 μοῖρα

324 2487 476 2561 opinamur
494 2493 538 2544 vel
557 2488 734 2559 πρόσκοπτοσ,
771 2506 843 2558 quae
861 2492 950 2546 lectio
974 2495 1046 2548 omni
1071 2511 1155 2548 sensu
1174 2513 1255 2550 cassa

325 2572 410 2617 esset·
448 2559 611 2614 Scribimus
629 2577 698 2628 ergo
718 2577 770 2630 pro
787 2562 885 2628 putea.-
902 2561 1019 2630 μαῦρα
1036 2563 1174 2618 facillima
1192 2583 1253 2619 mu-

328 2628 451 2694 tatione,
469 2638 501 2682 nt
519 2631 633 2696 integer
649 2644 749 2682 versus
768 2629 815 2683 bic
833 2630 943 2684 evadat:
962 2629 991 2684 ἐν
1008 2629 1095 2700 ἡμέρᾳ
1114 2630 1143 2686 at
1161 2633 1254 2701 μαῦρα

324 2695 477 2766 opimantur
493 2695 600 2765 πρόσω,
620 2707 650 2750 et
667 2698 834 2752 sententiam
852 2699 1009 2756 continebit
1027 2703 1061 2756 ad
1081 2704 1253 2772 praeceden-

326 2777 381 2821 tem
401 2767 574 2848 aptissimam
594 2769 711 2820 hancce:
731 2766 888 2820 interdiu
909 2785 991 2822 vero
1009 2771 1159 2838 obscure
1177 2790 1253 2842 per-

325 2835 454 2906 spicit.
509 2835 575 2890 Vox
600 2831 709 2904 μαῧρα,
747 2852 827 2902 quam
849 2837 977 2891 adverbii
1003 2839 1068 2892 loco
1094 2855 1156 2894 esse
1177 2841 1252 2905 volo,

325 2903 464 2958 neminem
488 2905 580 2986 lugiet
601 2920 681 2970 quam
703 2915 769 2988 apte
794 2906 934 2960 vocabulo
954 2904 1138 2977 λαμπρύνεται
1160 2927 1253 2980 oppo-

223 2983 226 2988 ·
324 2983 421 3040 natur,
458 2989 566 3044 scripsi
585 2989 652 3026 vero
670 2990 777 3040 μανρα,
813 2990 867 3026 non
885 2973 977 3044 propo*
996 2977 1145 3031 Arcadium
1163 2997 1190 3046 p.
1208 2982 1253 3045 69,

324 3042 368 3110 22,
386 3043 572 3112 Hesychium,
593 3041 708 3096 Suidam
726 3051 853 3108 secutus,
871 3060 954 3109 qurum
973 3047 1045 3112 apud
1065 3048 1154 3100 solum
1172 3047 1252 3100 Pito-

323 3110 392 3165 tium
417 3107 522 3180 μαυρὸς
547 3113 674 3178 legator,
710 3118 741 3164 et
764 3111 847 3164 codd.
865 3114 1092 3183 Aeschyleorum
1117 3116 1251 3184 uestigia.

325 3177 489 3247 Subiectum
510 3181 596 3234 totius
614 3177 822 3233 enunciationis
840 3191 884 3235 est
902 3179 987 3248 φρήν,
1023 3197 1054 3238 ut
1080 3187 1251 3241 anteceden-

326 3249 381 3313 tis,
400 3250 434 3302 ad
453 3265 534 3317 quam
552 3247 686 3318 p'ertinet.
706 3277 740 3286 -
774 3247 843 3302 Cum
861 3252 1017 3317 sententia,
1043 3254 1073 3306 io
1092 3254 1254 3307 universum

325 3328 422 3384 certe,
454 3316 588 3371 similiter
605 3329 689 3382 atque
717 3317 811 3382 locus,
846 3336 927 3386 quem
946 3322 975 3374 in
996 3321 1099 3376 Adnot.
1120 3324 1197 3393 pil
1215 3341 1253 3376 ex

324 3387 427 3456 Hymn.
449 3385 586 3457 Orphica.
606 3386 751 3439 attulimus
769 3391 961 3454 (nequeenim
986 3390 1035 3443 liic
1055 3392 1091 3445 de
1118 3392 1254 3446 facultate

270 3477 272 3482 ·
323 3455 434 3517 futura,
470 3456 571 3510 nedum
597 3466 662 3525 post
691 3465 821 3521 mortem,
856 3457 1039 3526 praevidendi
1066 3474 1158 3514 sermo
1186 3466 1254 3526 est),
1365 3451 1371 3462 ’

324 3523 451 3578 conferri
471 3521 553 3578 etium
571 3536 666 3594 potest
684 3521 801 3577 Pindari
819 3525 923 3579 Tletes.
942 3527 979 3580 ir.
997 3529 1035 3580 ll.

244 3585 291 3654 36)
326 3593 368 3646 Gl.
388 3595 438 3647 Vs.
458 3595 518 3648 tia:
555 3599 646 3660 (quem
665 3592 764 3646 nescio
782 3608 816 3645 an
836 3594 865 3647 iu
882 3595 987 3650 Aduot.
1008 3613 1034 3665 p.
1051 3597 1100 3661 26,
1125 3597 1199 3664 quod
1218 3600 1255 3654 ad

322 3663 409 3717 verba
426 3658 475 3716 oia
490 3659 565 3734 ἐμοῖο
587 3663 705 3726 attinet,
737 3661 875 3717 subtilius
892 3680 974 3730 quam
996 3666 1091 3735 aptius
1109 3666 1255 3736 iuterpre-

323 3733 408 3787 taudo
433 3732 539 3786 trustra
570 3732 645 3785 tueri
677 3729 842 3784 studuerim.
894 3732 1004 3790 Quibus
1030 3734 1059 3788 in
1082 3731 1120 3787 oi
1142 3740 1257 3790 savoia

322 3800 437 3855 mutatis
461 3809 490 3854 et
514 3799 590 3854 ratio
608 3817 657 3864 ea,
684 3815 765 3866 quarn
784 3799 1035 3870 Clytaemnestram
1055 3803 1105 3858 Vs.
1124 3805 1173 3858 ΗΒ
1197 3805 1256 3868 (sic

323 3885 379 3922 scr.
392 3869 472 3924 lima
492 3885 544 3939 pro
564 3871 624 3928 119)
643 3870 748 3922 afferre
767 3869 842 3922 velle
859 3869 996 3938 diximus,
1014 3873 1065 3926 liet
1082 3872 1170 3939 magis
1188 3871 1256 3926 ido-

323 3953 392 4004 nea,
427 3949 456 3992 et
482 3938 566 3991 simul
594 3937 712 4006 egregie
737 3936 842 3990 Furiae
867 3939 987 4006 oblique
1012 3942 1256 4012 perstringentur)

325 4007 580 4142 »Amicis)·enim
599 4023 667 4062 non
691 4005 796 4060 vanis
819 4007 1010 4080 supplices
1034 4019 1111 4065 sunt
1129 4011 1255 4083 (supplb
