2770 4690
1078 359 1182 434 XLV

164 532 285 608 dolore
317 557 381 606 suo
412 542 680 627 conqueruntur
704 533 786 625 (str.
812 533 872 624 2),
915 558 1041 608 rursus
1070 534 1186 630 junio-

164 659 249 707 rum
275 634 428 706 deorum
458 631 735 728 injustissimam
761 633 1044 710 dominationem
1068 639 1187 738 exagi-

163 748 295 826 tantes,
329 733 417 807 dum
442 732 659 807 umbilicum
685 733 864 830 terrae³⁹l
890 737 1015 810 Oreste
1042 753 1185 836 recepto

161 836 374 935 sanguinem
417 834 613 908 stillantem
656 835 837 931 piaculum
874 838 1050 912 sustinere
1085 863 1186 913 com·

162 949 369 1012 memorant
388 935 544 1027 (antistr.
563 938 626 1026 2),
651 938 809 1033 Apollini
831 939 1065 1034 exprobrant,
1092 941 1187 1036 quod

161 1037 400 1114 domesticam
424 1061 529 1110 suam
547 1037 615 1112 sibi
639 1039 714 1133 ipse
738 1038 860 1112 sedem
883 1039 1187 1114 contaminaverit

161 1137 348 1231 juniorum
376 1138 543 1230 deorum,
579 1139 796 1233 injustorum
824 1141 995 1232 illorum,
1031 1141 1187 1237 imperio

161 1238 374 1336 obsequens,
416 1253 579 1312 veterum
608 1243 811 1314 Parcarum
834 1241 996 1316 instituta
1021 1257 1186 1316 evertens

159 1341 242 1431 (εῖν.
270 1344 329 1434 3);
378 1338 527 1432 denique
559 1340 780 1440 significant,
819 1341 912 1418 hano
937 1343 1113 1440 Apollinis
1146 1367 1186 1416 se

158 1440 255 1537 ipsas
291 1440 500 1516 offendentis
542 1441 668 1542 agendi
708 1440 885 1516 rationem
921 1443 1058 1518 frustra
1095 1468 1184 1535 esse,

159 1543 333 1636 quoniam
352 1539 534 1638 parricida
554 1543 612 1615 vel
632 1541 685 1614 sic
709 1567 860 1638 poenam
877 1542 1034 1618 debitam
1052 1547 1183 1618 solutu·

160 1667 225 1716 rus
242 1642 289 1717 sit
308 1642 465 1728 (antistr.
486 1642 538 1731 3).
578 1641 630 1732 (A
648 1645 712 1718 νε.
728 1643 800 1717 138
817 1669 853 1715 u.
875 1644 919 1717 ad
944 1647 1006 1718 Vs.
1023 1643 1185 1734 170.)-

247 1743 333 1820 ‚sed
357 1744 433 1836 jam
452 1741 580 1837 Apollo
606 1768 634 1822 a,
650 1742 860 1839 purgatione
881 1744 1019 1819 Orestis
1044 1744 1186 1817 rediens

158 1868 307 1919 scenam
329 1842 531 1942 ingreditur
543 1841 593 1930 ⁴⁰)
612 1857 646 1915 et
663 1843 791 1918 Furias
813 1868 832 1916 e
852 1843 1039 1917 territorio
1065 1871 1184 1920 sacra-

158 1971 244 2022 rum
265 1943 471 2036 aedium'ss)
489 1943 659 2020 excedere
678 1943 777 2040 jubet
800 1943 927 2022 additis
949 1945 1060 2020 mirus
1079 1959 1185 2044 atque

258 2232 310 2300 sit,
329 2228 387 2285 nisi
406 2228 469 2297 quis
487 2228 583 2282 forsan
600 2228 654 2282 huc
673 2228 784 2284 trabere
802 2223 885 2288 vetit,
903 2225 977 2293 quod
997 2225 1047 2281 νε.
1064 2225 1113 2279 tas
1122 2239 1184 2294 sqq.

260 2314 319 2357 tres
337 2298 494 2367 significari
515 2299 678 2364 uideantur,
706 2313 778 2365 qnae
795 2295 904 2366 primae
922 2312 938 2349 e
956 2310 1052 2348 somno
1071 2295 1183 2348 excita-

259 2381 304 2428 tae
323 2367 439 2423 luerint.
481 2366 537 2421 Sed
557 2367 611 2420 illo
629 2382 765 2420 concesso
783 2364 897 2418 minime
915 2364 1060 2431 sequitur,
1085 2374 1116 2417 ut
1132 2382 1184 2415 κα-

255 2437 291 2495 coi
308 2441 426 2502 croiacus
444 2437 666 2507 prodierint,
686 2452 740 2488 non
755 2435 847 2488 dicam
863 2432 916 2495 ita,
932 2441 968 2487 'ut
981 2433 1066 2498 vulgo
1083 2431 1181 2495 tiebat,

257 2510 308 2564 sed
326 2526 361 2562 ne
379 2523 412 2560 ea
429 2505 543 2573 quidem
562 2505 686 2569 ratione,
705 2520 759 2570 qua
771 2501 1003 2569 Bambergero
1022 2501 1112 2553 visum
1130 2510 1183 2554 est.

256 2579 319 2646 Ego
336 2575 450 2644 quidem
469 2592 522 2628 non
541 2573 657 2638 dubito,
685 2573 767 2639 quin,
794 2571 957 2644 priusquam
975 2568 1064 2639 prima
1081 2584 1184 2622 canere

256 2648 414 2717 inciperet,
433 2660 527 2697 omnes
544 2644 598 2710 jam
616 2641 767 2696 adfuerint.
803 2642 835 2694 ln
854 2640 1028 2693 orchestram
1047 2637 1183 2691 decurre·

256 2719 322 2771 bant
332 2714 472 2782 singulae,
490 2712 583 2777 binae,
601 2721 706 2777 ternae,
721 2717 803 2782 prout
814 2724 936 2764 esomuo
948 2707 1090 2762 excitatae
1101 2716 1184 2762 erant
1256 2713 1259 2721 '

256 2819 289 2829 -
307 2801 369 2841 nam
394 2785 481 2836 verbo
505 2777 642 2848 σποράδην
667 2779 806 2850 exprimi,
837 2777 965 2845 singulas
991 2784 1095 2829 tantum
1113 2794 1182 2847 pro-

254 2855 345 2909 diisse
358 2870 450 2921 neque
462 2869 515 2920 ego
529 2849 599 2904 mihi
613 2849 785 2922 persuadere
802 2862 913 2916 possum
923 2855 956 2888 -'
968 2843 1077 2913 ibique,
1097 2861 1182 2912 quum

256 2925 376 2997 primurn
393 2921 572 2989 aliquatenus
590 2938 627 2972 ex
651 2919 741 2990 prima
762 2914 977 2986 perturbatione
993 2931 1025 2968 se
1043 2914 1182 2982 collegis-

255 3004 335 3056 sent,
368 2991 483 3045 ordines
503 2988 687 3060 explicabant
705 2997 733 3042 et
751 3001 861 3040 carmen
879 2984 1029 3049 canebant,
1060 2985 1134 3051 quod
1154 2993 1183 3037 et

256 3063 347 3134 ipsum
367 3062 407 3116 ita
427 3066 614 3130 comparatum
633 3068 692 3121 est,
723 3067 753 3111 ut
771 3054 950 3124 agitationem
973 3051 1057 3106 animi
1076 3053 1183 3106 sensim

255 3132 425 3185 residentem
445 3129 552 3200 prodat.

171 3207 219 3272 39)
255 3201 311 3257 Qui
330 3198 442 3254 scilicet
459 3195 651 3251 sanctissimus
670 3203 732 3248 erat
748 3199 833 3261 atque
850 3190 1081 3277 augustissimus,
1107 3191 1181 3246 unde

254 3287 271 3323 a
293 3271 328 3323 ud
347 3267 485 3337 Sophocl.
505 3265 576 3319 Oed.
595 3267 629 3320 R.
648 3263 698 3318 vs.
717 3265 766 3318 897
785 3261 866 3316 audit
882 3263 1004 3316 adime.

173 3343 221 3406 to)
255 3289 336 3392 Elim
356 3337 467 3404 quidem
488 3334 594 3404 possit,
624 3333 650 3386 is
669 3342 699 3385 ut
715 3336 770 3400 jam
789 3336 886 3394 antea,
917 3347 942 3384 v.
961 3347 986 3383 c.
1005 3327 1097 3382 statim
1115 3338 1182 3400 post

254 3409 410 3462 discessum
429 3404 575 3458 simulacri
593 3403 844 3473 Clytaemnestrae,
862 3415 994 3452 reversus
1012 3398 1110 3462 luerit,
1128 3399 1180 3453 sed
1270 3437 1272 3442 -

254 3474 517 3600 ἷίῗέῗνίνῖνέἷ
529 3481 582 3594 ‘2⁵¹’
602 3467 1093 3594 ¹³‘tt'mittit*‘attuatii’
1110 3483 1180 3590 {¹¹³5

253 3613 294 3680 1.,
312 3616 357 3669 vel
377 3614 427 3670 νε.
448 3614 495 3668 tta
515 3558 588 3679 σερε(Ι
607 3578 736 3678 ’Eparitai
753 3603 796 3671 tt,
814 3575 912 3673 picra,
929 3612 970 3660 cot
987 3607 1062 3672 (vel,
1079 3556 1105 3658 ‘it
1124 3574 1180 3660 nori

254 3685 369 3748 credas,
389 3683 459 3736 hanc
476 3681 603 3735 voculam
622 3694 682 3733 cum
701 3677 729 3730 ui
753 3675 870 3746 positam
889 3689 965 3741 esse,
990 3676 1092 3728 melius
1111 3672 1134 3728 ἒ.
1151 3671 1181 3727 δὲ

253 3749 336 3820 μάντι
352 3772 407 3812 σοι,
441 3752 477 3804 de
495 3766 550 3818 qua
576 3767 608 3804 re
632 3749 696 3803 vide
715 3761 785 3813 quos
811 3742 908 3798 citavit
926 3744 1127 3813 Pilugkius
1145 3744 1182 3796 ad

252 3822 355 3892 Eurip.
384 3821 497 3874 Heracl.
517 3820 569 3874 Vs.
588 3820 621 3874 18
646 3827 676 3872 et
697 3813 866 3881 Elmsleji
893 3814 988 3868 adnot.
1014 3815 1050 3866 ad
1073 3812 1180 3866 Bacch.

253 3889 306 3944 Vs.
327 3891 403 3956 1118)
422 3922 453 3932 -
472 3889 600 3955 liparas,
624 3897 655 3942 ut
672 3903 688 3939 e
706 3882 851 3939 contrario
869 3899 907 3936 ex
926 3899 976 3949 eo,
997 3882 1073 3950 quod
1091 3880 1181 3933 Furia

252 3957 304 4012 νε.
325 3961 374 4018 165
392 3960 427 4013 de
444 3958 583 4030 Apolline
601 3957 698 4010 dicens
718 3951 803 4009 tertia
827 3967 947 4022 persona
964 3946 1103 4006 ἔκλυ’σεται
1120 3948 1179 4003 uti·
1277 3955 1279 3962 ’

255 4035 315 4090 tur,
341 4027 453 4082 minime
471 4026 654 4095 collegerim,
674 4025 754 4077 deum
775 4037 828 4075 non
847 4031 961 4091 praesto
978 4019 1078 4073 fuisse.

169 4098 218 4166 41)
254 4095 298 4152 Cl.
318 4095 369 4155 νε.
390 4099 453 4154 rto:
473 4092 564 4166 Ἕξω,
580 4091 693 4162 utlaio,
711 4087 796 4148 saiada
812 4087 945 4160 δωμάτων
960 4084 1041 4154 rixas
1057 4087 1176 4161 porprisa.
