2652 4688
1035 367 1107 441 241

112 544 196 607 vitio
220 559 291 606 csse
313 549 346 604 et
368 559 431 625 pro
451 537 539 623 παρὰ
560 539 785 626 reponendum
808 539 888 622 περί.
950 542 986 603 ln
1011 541 1112 617 libro,
1231 599 1234 608 ,

114 645 177 710 quo
198 629 353 690 utebatur
375 627 590 703 scholiastes,
634 636 711 711 post
729 624 829 689 verba
851 628 882 686 τί
899 622 1111 706 ynlpnnllum

115 721 184 774 erat
207 714 489 794 interpunctionis
510 715 659 800 signum,
692 720 729 771 ut
750 711 837 792 apud
860 709 1109 784 Robortcllum3

112 799 213 861 verba
235 796 443 880 πρυςτέταχθε
464 797 563 860 ποιεῖν
591 800 690 878 petiit
710 817 751 858 ex
771 815 867 856 versu
892 799 972 871 1995
1018 797 1110 882 geni-

113 884 217 945 tivum
250 901 359 942 casum
388 877 532 962 γυναικὸς
562 883 608 944 ita
635 882 834 964 explicavit,
876 889 915 942 nt
946 901 1008 963 pro
1039 879 1111 964 περὶ

112 961 257 1048 γυναικὸς
280 967 423 1047 positum
446 963 573 1027 diceret
601 998 642 1011 —
676 966 775 1048 plano
804 972 841 1024 ut
871 967 1108 1026 crecentiori·

113 1053 171 1111 bns
196 1051 434 1130 interpretibus
459 1047 728 1112 Abreschius.
761 1079 803 1096 -
855 1048 1012 1109 Dubitari
1033 1058 1108 1131 pot-

114 1142 183 1212 est,
227 1143 337 1194 utrum
367 1135 642 1222 interrogationis
672 1136 803 1218 signum
825 1143 899 1213 post
920 1133 950 1192 τί
969 1131 1028 1216 γὰρ
1051 1151 1110 1214 po-

112 1217 252 1278 nendum
276 1221 337 1293 sit,
366 1228 404 1279 ut
427 1215 507 1280 baec
529 1217 633 1280 dictio
657 1237 729 1279 eam
751 1219 819 1280 vim
842 1218 979 1294 habeat,
1010 1237 1107 1299 qnam

112 1301 198 1385 apud
219 1303 332 1384 Eurip.
357 1300 429 1364 lon.
452 1302 508 1364 Vs.
532 1307 594 1366 210
617 1302 764 1378 Maon,
803 1297 954 1382 Xenoplt.
978 1300 1109 1364 Memo-

111 1388 180 1449 rab.
204 1385 258 1464 11,
287 1391 331 1464 6,
359 1389 435 1451 2ct
455 1389 497 1464 3,
531 1389 614 1450 alibi
646 1387 720 1466 (cfr.
752 1387 840 1446 infra
868 1384 1047 1447 adnotati
1073 1405 1106 1468 p.

113 1474 207 1550 129),
235 1491 277 1531 an
298 1474 417 1536 minus.
465 1472 640 1534 Genitivus
654 1479 755 1532 ‘casus
775 1465 920 1551 γυναικός
942 1489 1008 1530 non
1031 1490 1110 1552 pen-

109 1553 167 1618 det
192 1573 242 1618 rex
272 1557 374 1618 verbo
407 1557 647 1638 μητραλοιάς,ιιῐ
672 1555 873 1619 Wellanero
905 1551 1028 1616 visum'
1048 1561 1109 1632 est,

111 1636 167 1702 sed
187 1659 227 1702 ox
249 1641 303 1716 iis,
326 1660 410 1722 quae
423 1643 543 1723 Apollo
561 1639 734 1701 additurus
749 1642 850 1700 luisse
863 1637 1026 1724 putandus
1042 1649 1109 1713 θεῖς

111 1725 139 1784 is
161 1725 232 1807 ipsc
252 1722 295 1784 ad
317 1729 486 1807 sequentia
508 1727 610 1788 verba
630 1733 739 1787 mente
761 1721 961 1805 supplendus
983 1729 1051 1802 ost,
1073 1726 1110 1784 in

112 1808 201 1869 bunc
221 1807 377 1871 modurn:
402 1810 419 1872 ὁ
443 1807 539 1890 φόνος
559 1805 726 1889 wintonie,
748 1805 817 1881 η”τις
839 1805 937 1886 ἄνδρα
958 1808 1108 1893 νοσφίσῃ,

112 1888 331 1974 nonnul.
357 1887 432 1956 αὐθ.
458 1895 634 1974 p.,h.c.=
665 1891 981 1974 caedes,qua1n
1003 1911 1112 1954 uxor

112 1978 239 2055 iecit,
263 1987 341 2043 cett.
373 2009 415 2026 -
468 1980 546 2044 Lin.
568 1980 610 2041 24
632 1980 655 2041 l.
682 1975 1016 2060 »expellendorum«;
1046 1977 1108 2044 lin.

110 2062 236 2144 penult.
259 2071 293 2124 et
313 2064 349 2122 in
371 2066 431 2140 iis,
462 2083 546 2146 quae
567 2072 770 2143 sequnntur:
804 2057 956 2142 ὀμφαλόν.

69 2142 145 2232 Peg.
169 2149 227 2224 49,
257 2143 300 2206 ad
321 2166 378 2225 en,
410 2168 495 2229 quac
516 2145 557 2210 dc
576 2147 680 2210 verbo
703 2143 855 2222 αὐθέντης
877 2145 960 2206 dixi.
1004 2143 1111 2208 Error

111 2239 180 2306 ost,
203 2228 293 2313 qnod
313 2234 453 2308 rettuli,
476 2232 580 2296 schol.
600 2232 626 2292 A
652 2231 754 2294 ollou.
778 2240 812 2293 et
832 2227 946 2312 Eurip.
969 2230 1110 2292 alteram

111 2315 267 2376 vocabuli
293 2325 420 2398 partem
452 2314 595 2378 averbo
623 2315 701 2376 ιε’ναι
728 2314 860 2376 ductam
884 2334 952 2376 esse
982 2323 1109 2392 putare,

111 2415 187 2456 nam
216 2398 253 2458 bi
275 2417 406 2480 quoque
428 2401 593 2483 originem
616 2401 684 2477 ejus
712 2417 753 2459 cx
782 2397 884 2460 verbo
913 2396 991 2457 ἱέναι
1019 2417 1111 2480 repe·

110 2487 195 2540 tunt.
395 2503 402 2518 ·

68 2599 112 2614 ·-
132 2561 175 2625 ad
186 2563 243 2626 Vs.
257 2562 330 2630 204.
354 2565 461 2647 Quum
484 2563 653 2631 dicebam:
678 2561 778 2644 »παρ’
808 2560 896 2627 οὐδὲν
923 2561 1114 2646 ἐργάζεσθαί

110 2672 140 2710 τι
172 2647 297 2710 dictum
333 2658 372 2711 ut
409 2645 489 2732 παρ’
524 2647 610 2713 οὐδὲν
640 2648 790 2712 τίθεσθαί
821 2667 874 2710 u«
889 2695 900 2725 ,
947 2646 1110 2725 nolebam,

111 2734 286 2815 utriusque
309 2733 466 2796 dictionis
486 2732 622 2796 eandem
643 2737 712 2798 vim
735 2752 831 2812 esse,
872 2742 910 2794 ut
930 2734 982 2795 vel
1007 2735 1111 2794 inter-

111 2819 258 2900 pretatio
296 2819 401 2880 latina
430 2817 551 2881 docere
581 2828 700 2902 potest.
774 2819 888 2882 Verbo
921 2815 1112 2900 ἐργάζεσθαι

113 2922 184 2964 earn
204 2903 272 2965 vim
294 2903 519 2981 tribuebam‚.
542 2923 625 2986 quac
647 2904 752 2991 magis
780 2905 918 2986 propria
939 2911 989 2964 est
1010 2903 1112 2964 verbo

112 2988 298 3068 composito
320 2984 573 3070 ἀπεργάζεσθαι,
618 3007 724 3072 neque
751 2986 788 3050 id
811 2997 953 3064 temere,
998 3006 1112 3068 quam-

112 3089 209 3152 quam
233 3070 320 3150 apud
343 3075 486 3158 tragicos
508 3081 621 3154 poetas
650 3091 729 3135 sane
758 3073 884 3133 nullum
917 3072 1012 3150 hujus
1032 3089 1111 3132 usus

111 3155 296 3237 exemplum
324 3175 545 3240 reppereram.
601 3157 700 3220 Nunc
731 3153 861 3218 demum
893 3158 961 3217 loci
990 3173 1111 3242 magno

112 3257 215 3322 opere
243 3243 362 3302 tentati
390 3261 505 3304 voram
535 3241 799 3304 emendationem
832 3239 998 3302 invenisse
1027 3239 1113 3300 inibi

111 3321 241 3387 videor.
304 3323 464 3388 Mandurn
486 3345 554 3388 non
575 3329 611 3387 in
632 3323 777 3411 ἠρκέσω,
821 3323 879 3386 ubi
908 3322 1015 3385 adbuc
1043 3325 1135 3402 ojus>

110 3406 205 3471 sedes
226 3412 477 3492 ‹111aero'butnr,¹
502 3410 560 3474 sed
581 3411 616 3471 in
637 3407 819 3492 πιστώματα
840 3411 932 3472 latet.
996 3405 1114 3469 Scribe

110 3513 178 3562 una
209 3495 308 3556 litera
342 3503 488 3562 mutata:
530 3493 771 3575 πιστώματι.
835 3495 947 3556 Verba
976 3483 1113 3574 ἧκάρτ’

113 3573 208 3656 ἄτιμα
235 3581 378 3641 fortiore
411 3581 681 3664 interpunctione
710 3601 729 3642 a
762 3579 972 3664 sequentibus
1006 3595 1114 3638 secer·

112 3661 220 3723 nendo
246 3673 338 3739 sunt,
381 3661 509 3747 dequo
531 3663 600 3729 vid.
620 3663 803 3728 Bernhard.
827 3661 962 3744 Syntax.
987 3682 1019 3743 p.
1040 3660 1113 3724 285.

110 3745 227 3808 Dictis
246 3743 328 3831 παρ’
348 3745 435 3812 οὐδὲν
454 3746 622 3832 ἀρκεῖσθαι
639 3745 749 3835 ’Ἠρας
768 3753 823 3810 καὶ
839 3744 921 3820 Διὸς
941 3741 1115 3822 πιστώματι

110 3831 297 3916 significat:
320 3854 401 3897 non
423 3836 701 3918 acquiescere
722 3836 767 3895 in
789 3833 876 3895 tide
897 3852 971 3914 per
990 3830 1118 3890 Juuo·'

111 3925 279 3977 nom-et
299 3916 320 3980 J
329 3939 443 3983 ovem
477 3919 586 3981 data.
651 3920 701 3982 De
733 3937 770 3982 re
800 3919 934 3981 consule
966 3913 1113 3977 Lobocb.

110 3999 275 4086 Agluspb.
307 4023 339 4075 p.
363 4007 445 4082 650,
479 4004 590 4086 adnot.
614 4006 660 4084 n).

60 4125 108 4139 -
131 4089 195 4164 50,
227 4085 268 4147 ad
290 4083 348 4152 Vs.
371 4093 444 4158 217.
467 4090 574 4172 Quum
597 4087 745 4153 dubitari
765 4089 888 4171 possit,
924 4103 1000 4144 num
1023 4079 1114 4144 utino

864 4221 908 4296 tt
