2728 4690
325 421 330 428 .
408 445 412 457 ,
1003 355 1124 442 ἰα

116 561 130 575 ’·
173 546 190 652 Ἰ
236 541 239 550 “
442 531 750 638 ’Ὑαθίίίσφφ
824 561 828 572 ·
899 537 902 542 ’

113 744 117 754 ,
208 689 311 754 1Ἀιόυῶ
332 687 364 752 δέ
384 683 504 768 μύθους
523 689 697 758 τοῖνδετοῖν
714 683 941 770 κατευγμάτων,Ι
1087 743 1089 750 .
1123 741 1127 754 ,

115 825 119 834 ,
147 800 152 828 ·.
224 773 336 856 πέμφω
357 795 389 834 τε
410 771 502 854 φέγγη
525 771 690 854 λαμπάδων
712 769 910 856 σελαςφὸρνιν
941 814 945 823 ·
995 842 998 850 ‚
1104 814 1107 824 ·

224 860 267 932 είς
286 853 359 930 τοδς
379 854 488 939 ἔνερθε
509 860 561 920 καί
583 856 666 924 κάτω
687 855 802 942 γθσνδς
822 854 947 930 τόπους,
980 887 990 920 ,·
1124 907 1128 914 ,

223 939 537 1024 ξδν-προςπὸλοισιν,
562 949 626 1005 αίτε
647 943 840 1026 φρουροῦσιν
861 939 1009 1020 βρέτας,
1043 979 1049 1010 s
1087 984 1092 996 .
1124 1001 1129 1008 ,

222 1023 335 1104 τοδμδν
354 1025 491 1098 δικαίας.
530 1025 720 1108 Ὄμμαγδρ
739 1023 843 1101 πάσης
863 1019 979 1107 χθονδς
1062 1049 1097 1082 .·,.
1205 1039 1207 1048 ·

230 1111 375 1195 Θησῇδος
396 1107 515 1183 ἐξίκοιτ’
538 1109 593 1187 ἂν,
617 1108 740 1186 εὐκλεής
758 1107 876 1192 λόγος·
919 1150 921 1158 ›

224 1194 357 1271 noiomo,
379 1196 545 1274 γυναικοῖν,
568 1198 622 1257 καί
642 1193 749 1268 στόλος
767 1189 1004 1278 πρεσβυτίδαν.,

226 1275 480 1358 φοινικοβάπτοις
500 1279 633 1362 ἐνδυτοῖς
654 1277 822 1358 ἐσθήμασι.
903 1333 906 1343 .

123 1403 125 1412 ‚
166 1413 169 1420 .
214 1365 359 1441 .Τιμᾶτε,
382 1365 437 1424 καί
455 1360 490 1426 τδ
512 1363 622 1444 φέγγος
643 1359 795 1445 ὁρμάσθω
815 1354 927 1444 πυρός,
989 1393 992 1400 ’

225 1444 309 1518 ὅπως
332 1445 369 1508 ἂν
390 1445 512 1550 εὔφρων
532 1445 580 1523 ἥδ’
604 1448 705 1527 ὁμιλία
719 1441 840 1530 ·χδονδς

225 1526 261 1592 τὰ
281 1527 387 1593 λοιπδν
408 1527 585 1611 εὐανδροισι
607 1531 781 1619 σομφσραῖς
798 1528 920 1615 πρέπγι.

183 1634 310 1716 Versu,
338 1639 396 1720 qui
424 1637 542 1699 horum
572 1640 697 1721 primus
720 1646 788 1718 est,
816 1655 915 1718 quum
940 1636 1052 1720 inepta
1078 1634 1124 1700 ait

100 1719 297 1796 voeuta‘oe',
328 1722 381 1784 vel
410 1743 444 1804 γε
472 1725 591 1808 reponi
618 1724 806 1786 voluerunt·
824 1721 878 1784 vel
906 1735 968 1794 τε,·
985 1733 1124 1802 quarum

101 1805 338 1887 particularum
359 1805 463 1868 altera
485 1815 666 1887 praestaret
688 1803 819 1888 quidem
840 1805 968 1886 priori,
983 1812 1025 1866 ²at
1045 1819 1124 1864 nen-

102 1897 188 1950 tram
220 1897 329 1950 tameo
356 1907 470 1953 veram
501 1909 570 1952 esse
599 1891 755 1951 arbitror.
819 1885 969 1950 Secundo
1001 1889 1132 1970 qnippe·

101 1971 211 2035 verau'
228 1973 299 2052 jure
328 1971 479 2034 codicum
509 1963 669 2056 Gnelpb.,
698 1971 791 2048 Ant,
820 1971 899 2033 Rob.
931 1973 1125 2034 leotionem=

104 2054 206 2137 φέγγει
233 2056 479 2136 praeferendam
506 2059 659 2143 vuigataa
695 2058 824 2118 monuit
851 2056 895 2116 Η.
927 2057 967 2119 L.
997 2053 1125 2117 Abrens

103 2140 125 2206 1.
148 2141 169 2201 l.
197 2159 228 2220 p.
250 2143 286 2213 73
317 2141 380 2201 hoc
400 2142 488 2204 enim
509 2140 696 2205 Minervam
718 2139 828 2203 dicere
848 2140 952 2216 velie,
989 2157 1041 2202 »so
1061 2139 1126 2199 Eu-

102 2221 248 2286 menides
286 2225 472 2307 lampadum
506 2228 629 2288 lumino
666 2226 726 2286 sub
762 2234 885 2287 terram
910 2217 1126 2286 deducendas

102 2325 249 2372 curare«
300 2309 349 2370 De
381 2311 625 2371 construetione
653 2309 796 2370 contulit
823 2309 911 2371 Pers.
943 2306 1000 2368 Vs.
1025 2308 1124 2372 1032:

102 2390 212 2476 πέμψαι
233 2390 281 2454 τοί
302 2413 337 2453 σε
357 2390 526 2536 δυςθρόυις
541 2389 637 2473 γόοις.
680 2391 886 2453 Vocabulum
909 2388 1011 2469 φέγγει
1030 2407 1126 2471 repo·

103 2477 193 2535 ritur
213 2477 312 2535 etiarn
332 2477 369 2535 in
392 2495 430 2538 oo
455 2501 470 2537 .·
486 2475 576 2536 Med.
599 2495 616 2538 e
638 2469 815 2536 collatione
836 2471 1068 2550 Weigeliana,
1091 2481 1126 2536 et

103 2557 287 2618 Fritssohio
321 2577 449 2641 quoque
482 2561 660 2645 genuinum
700 2577 769 2619 esse
802 2555 992 2631 videbatur,
1035 2558 1126 2636 eujus

105 2638 236 2721 quidem
256 2639 299 2701 de
318 2645 471 2706 universo
501 2644 574 2704 loeo
601 2642 839 2722 conjecturam,
872 2641 908 2700 in
929 2656 1066 2702 censura
1091 2657 1126 2722 p.

105 2728 167 2789 119
187 2726 366 2808 prolatam,
395 2746 507 2802 nemo,
535 2728 672 2808 opinor,
701 2726 924 2808 amplectetur.
984 2722 1139 2786 Muello·

105 2828 190 2887 rum,
213 2811 248 2868 in
269 2807 406 2890 append.
428 2832 460 2893 p.
477 2814 529 2887 27,
551 2813 724 2893 quominus
746 2810 981 2891 obsequeretur
999 2806 1127 2869 Αλουσα·
1182 2817 1186 2823 “

105 2894 177 2971 sio,
207 2893 421 2974 prohibebat,
435 2891 536 2978 'qnod
558 2897 606 2957 sio
627 2896 770 2975 objecto,
796 2890 887 2976 φοοδ
906 2899 1040 2970 vocant,
1074 2909 1127 2952 oa·

104 2984 194 3038 reret
213 2980 385 3052 sententia,
406 2980 504 3041 simul
527 2985 741 3061 reputantem,
763 2979 862 3040 etiam
883 2976 965 3036 alibi
984 2975 1128 3036 incultu

105 3057 243 3121 deorum
270 3063 475 3124 infernorum
502 3077 626 3126 morem
654 3065 775 3124 facium
802 3062 838 3120 in
859 3063 967 3122 foveas
989 3060 1127 3138 ooojioi-

106 3142 263 3205 endamm
297 3147 493 3225 obtinuisse,
527 3147 567 3210 de
595 3167 660 3229 quo
686 3139 837 3228 exposuit
863 3142 905 3204 ad
930 3140 1136 3207 Eumenidas·

104 3249 138 3311 p·
164 3228 234 3293 180.
277 3227 353 3290 Esse
372 3232 490 3294 sorbas
522 3230 648 3312 πέμπειν
676 3227 836 3309 λαμπάδας
858 3228 901 3300 εἰς
920 3223 992 3300 τούς
1021 3224 1129 3310 ἔνερθε

104 3310 218 3386 τόπους
239 3311 352 3376 eodem
380 3313 478 3377 modo
506 3321 634 3399 posita,
666 3335 730 3397 quo
756 3321 856 3397 poeta
874 3311 962 3375 Pera.
985 3309 1043 3378 Vs.
1065 3313 1129 3374 olo

106 3395 212 3460 dicat:
243 3397 369 3476 πέμπειν
388 3396 465 3481 γοδς
484 3397 646 3480 θαλάμους
665 3397 725 3462 ὕπο
746 3400 814 3480 γῆς.
841 3393 897 3456 ·ld
918 3413 1017 3472 vero,
1039 3392 1129 3482 quoti

106 3482 170 3543 hoo
191 3483 265 3543 loco
282 3485 458 3564 praecipuo
472 3483 513 3548 de
528 3503 578 3562 ao,
601 3481 689 3566 qnod
711 3485 746 3544 in
767 3483 832 3543 fine
848 3497 985 3562 pompae
1000 3483 1139 3540 factunm

106 3567 169 3642 sit,
191 3567 346 3649 loquatur
368 3567 538 3645 Minerva,
567 3587 633 3630 non
654 3569 775 3629 mirum
796 3583 882 3642 asse,
911 3565 1067 3648 quoniam
1088 3560 1139 3627 δυ’

107 3649 180 3730 ipsa
207 3659 325 3734 pompa·
354 3653 418 3730 λαστ
440 3663 535 3714 antea
555 3651 634 3714 inde
654 3671 674 3713 a
693 3669 791 3715 versu
810 3651 872 3713 957
893 3649 972 3711 satio
992 3645 1142 3712 dixerit·

107 3731 156 3792 Ex
175 3736 329 3797 universa
350 3736 411 3797 hao
432 3737 716 3823 argumentatione
735 3735 882 3796 maxime·
894 3733 1019 3815 ρλατολ,
1036 3726 1132 3818 φασδ

107 3818 144 3876 in
160 3817 291 3896 ‘objecto
314 3822 433 3882 omisso
455 3819 808 3884 offendit'Mueiiarna.
842 3816 917 3878 Jam
930 3833 1010 3880 veno
1031 3830 1141 3896 quum·

106 3901 241 3985 vulgata
261 3897 444 3984 soriptnra:
467 3905 560 3988 φέγγη
583 3905 670 3966 nihil
690 3899 843 3966 videatur
862 3919 935 3962 esse
954 3898 1020 3958 nisi
1040 3913 1134 3958 ruera

107 3985 241 4048 librarii
274 3985 416 4066 alicujus·
438 3991 602 4052 correctio
630 3989 672 4050 ob
700 3984 835 4050 eandam
864 3984 971 4046 illam.
986 3983 1141 4042 cansam}
1232 3991 1238 4000 '

109 4088 173 4154 pro
200 4070 343 4158 genuina
369 4071 533 4137 librorum
560 4074 705 4138 laotiono
722 4061 1142 4139 verborumnooruinam·
