2794 4692
228 333 351 424 Ierli

232 715 236 722 ·
331 696 388 736 non
412 677 552 734 narrando
572 675 796 747 significandum
820 684 952 746 teagere,
985 676 1036 732 secl
1057 678 1127 747 ‘ipsa
1144 640 1263 746 reprae-

332 757 447 804 sentare
463 745 493 800 in
511 761 595 801 scena
619 747 747 815 volebat,
779 747 833 812 ita,
867 757 898 801 ut
915 761 1133 813 unamquamque
1151 763 1209 800 rem
1229 749 1263 800 in

331 823 439 886 justum
456 831 535 870 suum
554 816 850 880 locumtraosferret,
876 831 960 870 sccua
978 826 1023 870 ter
1039 817 1167 870 mutanda
1185 825 1260 882 erat,

114 925 116 932 >
229 929 232 934 .
331 885 453 959 primum
476 895 545 956 post
561 885 613 940 Vs.
632 886 698 950 225,
735 886 785 938 ubi
809 901 910 938 revera
932 885 965 938 lit
984 885 1117 949 mutatio,
1153 884 1262 938 deinde

330 966 397 1011 ante
415 954 466 1009 Va·
482 955 551 1018 536,
575 953 701 1020 denique
718 963 783 1024 post
798 953 938 1021 iudicium
956 954 1084 1019 linitum,
1110 964 1260 1020 autequam

329 1038 433 1096 pompe
448 1022 516 1076 (luci
534 1021 692 1093 inciperet,
710 1031 741 1076 et
755 1025 811 1076 hoc
828 1021 939 1090 quidem
958 1034 1128 1092 postremum
1146 1039 1180 1075 eo
1196 1038 1261 1076 ma·

328 1092 391 1162 gis,
425 1091 502 1160 quod
521 1091 727 1157 Athenienses,
759 1092 809 1159 qui
827 1093 976 1158 quotannis
997 1107 1124 1162 pompam
1142 1091 1173 1145 in
1189 1106 1260 1146 arce

223 1201 232 1218 .·
330 1160 445 1218 initium
476 1176 578 1231 sapere
605 1159 750 1225 viderent,
784 1177 968 1231 magnopere·
982 1162 1141 1216 offensuros
1165 1159 1259 1214 luisse

229 1339 232 1346 .
328 1228 1258 1369 lltltllt‚istutttulit?AttAlltAAt⁰bsz

229 1409 232 1414 ·
326 1368 421 1438 igitur
436 1367 601 1437 Aeschylus
613 1377 650 1419 ut
668 1367 786 1432 vitaret,
809 1367 885 1434 quod
903 1385 920 1420 e
937 1382 1021 1422 scena
1039 1377 1175 1438 perpetuo
1192 1383 1258 1420 ruu-
1309 1429 1312 1440 Α

329 1448 388 1508 tata
399 1436 539 1492 oriturum
550 1445 622 1502 erat,
642 1435 854 1502 incommodum,
873 1434 1012 1490 vixillud
1027 1437 1173 1492 acueris
1187 1436 1257 1504 qui-

228 1545 232 1552 ·
327 1508 392 1564 dem
405 1505 559 1572 terendum,
577 1514 625 1558 ant
637 1503 723 1558 aliem
735 1506 842 1560 faceret
854 1504 974 1560 faculam
988 1504 1126 1576 oportuit,
1145 1516 1203 1570 aut,
1222 1505 1257 1559 id

154 1609 159 1622 ·
227 1605 232 1629 ⁴«
326 1576 403 1645 quod
421 1573 480 1645 ipsi
498 1572 643 1646 placuisse
660 1573 801 1640 videmus,
825 1572 962 1642 judicium
980 1591 1034 1628 non
1053 1574 1083 1630 iu
1099 1577 1256 1644 Areopago

222 1695 225 1704 ,
325 1642 486 1702 exercitum
508 1642 637 1712 lingeret.
670 1644 731 1712 Age
750 1660 818 1698 vero
842 1644 1063 1715 contemplemur
1084 1644 1183 1715 paullo
1201 1659 1255 1696 cu-

325 1714 451 1779 siosios,
479 1714 618 1780 quomodo
636 1721 764 1766 versatus
782 1710 820 1767 sit
837 1721 930 1784 poeta.
965 1713 1112 1778 Orestem,
1138 1713 1256 1778 uulgata

323 1785 398 1838 tama
414 1781 480 1848 fuit,
495 1780 650 1850 judicatum
667 1782 759 1836 fuisse
777 1781 807 1836 in
816 1782 893 1836 Areo
950 1798 968 1834 o
984 1797 1002 1836 a
1017 1782 1085 1850 diis,
1102 1780 1163 1837 sive
1180 1781 1254 1834 duo-

255 1897 283 1908 „
323 1851 429 1918 decim,
460 1861 492 1904 ut
508 1851 594 1918 vulgo
613 1852 775 1916 serebatur,
800 1849 862 1904 sire
879 1851 935 1905 duo
957 1866 1005 1915 us,
1036 1859 1067 1905 ut
1083 1849 1254 1904 Hellanicus

325 1921 415 1976 relert
439 1919 514 1989 apud
545 1920 637 1974 schol.
670 1919 704 1976 ad
731 1920 836 1990 Earip.
862 1921 956 1976 orest
984 1920 1035 1976 Vs.
1055 1922 1122 1974 leta
1147 1920 1252 1974 Metth.

323 1991 349 2044 A
372 1989 408 2040 ud
432 1987 604 2058 Aeschylum
627 2004 683 2042 non
705 1987 748 2042 dii
771 1988 913 2056 judicant,
947 1989 999 2043 sed
1020 1987 1162 2055 homiues,
1197 1989 1253 2042 dea

359 2058 457 2124 inerra
479 2068 638 2127 praetorem
655 2066 766 2123 agente.
799 2057 955 2112 Praeterea
977 2055 1026 2112 hic
1042 2057 1140 2112 curiae
1156 2060 1249 2111 Areo·
1328 2089 1330 2094 ·

225 2165 230 2172 ·
321 2123 1252 2250 Ξῦἕὲἳέἕῑέήὸἑὲῗιὲἓέ“““ηῗἕιῗὲἔέῑῗὲἔῖῗίὶηῖἓὲῒέωὲ

324 2279 426 2320 caussa
444 2229 557 2318 Oristis
583 2211 784 2345 inpureipigo
808 2263 933 2332 judicata
959 2266 1134 2319 solummodo
1157 2233 1251 2333 legem

322 2334 419 2401 illam,
450 2349 468 2386 c
485 2348 541 2401 qua
558 2330 594 2400 ii,
624 2333 675 2413 qui
695 2334 811 2403 peribas
831 2333 981 2402 suffragiis
1004 2333 1124 2400 jndicati
1144 2343 1250 2399 essent,

225 2451 228 2462 .
321 2404 557 2468 absolverentur,
581 2401 741 2456 obtinuisse
757 2413 861 2461 namet.
896 2403 975 2456 llaec
994 2403 1083 2472 igitur
1100 2419 1182 2483 quum
1202 2404 1251 2457 vel

320 2473 384 2530 sola
401 2473 537 2543 probent,
564 2471 737 2542 Aeschylum
756 2471 785 2526 in
803 2472 858 2541 iia,
883 2489 956 2540 quae
973 2472 1007 2525 ed
1025 2472 1162 2540 judiciam
1180 2486 1248 2544 spe·

224 2580 227 2584 ·
321 2543 454 2609 stabant,
488 2540 586 2609 aliqua
607 2557 740 2607 noumse,
773 2541 922 2596 videndum
945 2552 1003 2608 est,
1037 2542 1108 2608 quid
1128 2542 1250 2596 indeed

224 2647 227 2654 ·
320 2614 406 2677 hauc,
423 2625 504 2678 quam
523 2609 682 2677 tetigimus,
699 2610 893 2677 quaestionem
908 2610 1068 2665 solvendam
1083 2611 1163 2664 ellici
1181 2626 1249 2681 pos-

223 2717 226 2722 ·
323 2679 371 2735 sit.
412 2679 524 2734 Quaero
540 2677 644 2746 igitur,
668 2697 721 2733 cur
738 2680 847 2733 tandem
865 2689 948 2751 poeto
965 2679 1072 2734 curiam
1087 2679 1250 2748 Areopagi·

211 2773 217 2783 ·
322 2749 408 2804 ticam
424 2763 441 2802 a
456 2747 572 2816 judicio
588 2747 701 2803 Orestis
718 2747 859 2818 originem
877 2748 989 2820 cepisse
1008 2747 1136 2804 finxerit.
1170 2750 1250 2804 Quae

322 2832 371 2874 res
386 2818 442 2884 jam
459 2816 640 2883 Meursio,
658 2816 758 2887 script
775 2818 812 2872 cle
829 2818 981 2889 Areopago
997 2818 1033 2872 C.
1049 2818 1105 2884 IX,
1124 2817 1154 2871 in
1172 2818 1249 2872 Gro-

321 2903 386 2944 nov.
403 2885 493 2940 Thes.
510 2885 580 2941 Vol.
598 2886 636 2953 V,
654 2904 682 2957 p.
698 2887 781 2953 tius,
799 2885 875 2941 hand
894 2887 1015 2953 exiguas
1031 2886 1177 2941 molestias
1194 2898 1250 2942 exi

321 2954 428 3011 hibuit.
471 2955 592 3010 Poterat
618 2971 686 3009 saue
708 2955 873 3022 Aeschylus
903 2973 966 3010 cum
991 2955 1091 3027 specie
1117 2955 1247 3012 veritatis

183 3017 191 3033 ¹
209 3069 213 3084 .
320 3025 362 3080 ita
379 3034 521 3090 statuere,
538 3034 675 3091 quatenus
693 3025 832 3091 homines,
850 3041 907 3080 non
923 3025 1005 3089 deos,
1023 3027 1151 3081 Orestem
1167 3026 1247 3093 judi·

318 3104 415 3149 cantes
433 3093 566 3158 iaciebat,
585 3095 762 3164 Areopagum
779 3093 868 3162 igitur
883 3109 939 3148 non
954 3094 1059 3150 curiam
1076 3093 1174 3161 ediis,
1193 3096 1244 3149 sed

318 3179 357 3218 ex
384 3162 546 3218 homiuibus
573 3171 746 3216 constantem
769 3161 964 3232 intelligebat·
1007 3163 1068 3218 Jam
1096 3180 1178 3230 vero,
1213 3173 1246 3218 ut

221 3267 224 3274 «
317 3231 410 3299 ratio,
444 3230 839 3288 eurhominessubsritnerit
857 3233 888 3286 in
912 3234 1004 3288 locun
1022 3233 1155 3298 deornm,
1186 3249 1243 3288 uon

316 3312 362 3358 est
384 3301 523 3366 obscura,
562 3299 616 3367 ita,
659 3299 797 3366 siqnidem
824 3317 880 3356 non
907 3304 978 3356 hanc
1003 3303 1091 3356 solem
1117 3317 1243 3357 caussam

314 3368 404 3426 fuisse
428 3366 585 3424 verisimile
602 3380 662 3437 est,
693 3387 745 3424 cur
768 3381 852 3440 poeta
875 3369 955 3425 illam
976 3371 1120 3426 fictionem
1137 3373 1244 3442 ample·

314 3455 372 3496 xus
397 3439 501 3507 luerit,
536 3438 644 3508 liquet,
680 3456 742 3494 eum
766 3439 820 3494 vix
850 3440 923 3495 hanc
949 3441 1056 3496 habere
1081 3440 1244 3510 opinionem

314 3508 461 3591 potuisse,
488 3523 521 3562 ae
539 3525 590 3576 eo,
615 3511 692 3578 qaod
708 3512 887 3580 Areopagum
906 3526 959 3581 per
977 3511 1050 3564 hauc
1065 3511 1243 3565 occasionem

313 3577 475 3634 institutum
492 3577 614 3643 iaceret,
646 3577 797 3634 consilinm
821 3595 901 3632 suum
920 3577 950 3632 in
969 3579 1141 3636 auctoritate
1158 3588 1244 3648 atque

313 3646 428 3716 juribus
454 3649 539 3715 hujus
565 3649 665 3702 curiae
689 3647 867 3702 vindicandis
893 3648 1016 3717 positum
1042 3660 1243 3704 exsecuturum

314 3717 526 3840 :stistte
540 3716 944 3855 stisttttutlltt
959 3718 1114 3842 {iiiiii
1127 3735 1243 3856 mili?

295 3829 300 3838 ι
1117 3824 1126 3853 ,
1228 3815 1243 3830 .

315 3869 397 3923 quam
414 3872 471 3910 uon
488 3870 557 3909 sane
577 3855 689 3908 inficias
709 3855 826 3921 iverim,
856 3866 967 3926 poetam
984 3855 1038 3910 illa
1053 3873 1086 3910 re
1104 3859 1190 3912 semel
1208 3857 1243 3910 fi-

280 3969 283 3974 .
315 3934 362 3978 cta
379 3923 497 3993 egregie
515 3939 594 3977 usum
612 3940 677 3978 esse
692 3923 721 3978 in
741 3941 798 3980 rem
816 3940 914 3989 suem,
928 3953 965 3972 .-
983 3925 1034 3980 acal
1053 3927 1162 3992 elucet,
1185 3942 1242 3978 non

316 3994 448 4064 potuisse
473 4008 552 4059 eum,
583 3993 611 4046 si
635 3993 739 4046 curiam
757 3992 985 4063 Areopagitioam
1001 3999 1058 4060 jam
1076 4005 1156 4050 antea
1174 4010 1242 4046 eon-

314 4062 442 4122 stitutam
465 4062 557 4132 ¹titisse
584 4063 742 4128 statuebat,
775 4063 848 4118 heac
871 4061 931 4118 alio
957 4062 987 4116 in
1014 4063 1080 4118 loco
1105 4060 1242 4130 judicium
