2770 4690
937 291 939 300 ’
1028 334 1167 413 noun

129 527 325 608 conviciis.
363 521 432 600 Res
459 524 498 596 in
518 519 796 614 altercationem·
817 514 936 590 vertit.
973 513 1104 590 Furiae
1113 510 1167 607 ⁴¹²)

128 628 298 729 Apollini
321 626 516 722 objiciunt,
543 621 636 720 quod
661 621 736 716 ipse
761 644 852 693 unus
871 617 992 692 omnis
1018 616 1074 690 rei
1093 619 1167 692 cul-

240 873 287 907 ooo
313 851 410 907 οἶκον
435 864 465 910 et
490 849 617 922 δώματ’
640 847 765 920 ’Apyslce
790 844 891 914 portic
916 841 946 928 s't
970 843 1069 916 δῶμα
1093 847 1169 929 yolus

240 920 378 988 alermo'v,
403 921 504 977 'simili
536 917 794 990 circumscriptioni
827 918 968 971 inservire
1001 927 1168 987 putaverim.

240 994 305 1060 Non
324 993 379 1046 buc
403 991 538 1047 traxerim
556 993 662 1045 Alcest.
681 991 732 1046 Vs.
750 990 817 1053 591,
849 986 899 1040 ubi
922 987 1008 1040 verba
1029 986 1058 1040 ἐν
1075 983 1170 1054 δόμοις

243 1071 360 1130 practer
377 1060 572 1116 necessitatem
592 1070 698 1115 tentata
715 1070 779 1113 sunt
797 1073 813 1110 a
831 1055 1019 1120 Pierson03
1045 1056 1096 1110 sed
1112 1058 1170 1122 jam

243 1131 385 1183 Homerus
404 1130 528 1202 praeivit
546 1129 719 1184 locutionem
739 1125 930 1182 tritissimum:
954 1122 1036 1192 δόμον
1051 1126 1098 1180 uel
1115 1121 1169 1177 doi-

242 1194 406 1268 po'‘A·‹·doc,
422 1195 535 1262 Ἀΐδαο,
552 1199 582 1253 in
601 1214 671 1266 qua,
691 1208 722 1252 ut
739 1197 767 1250 in
786 1195 866 1249 hisce
882 1193 1067 1264 Euripideis:
1098 1190 1171 1260 ἱερός

240 1265 379 1332 Κολωνός,
415 1263 550 1336 δώμαθ’
578 1268 633 1332 (sic
656 1272 730 1334 scr.)
747 1263 842 1319 ἱππίου
866 1260 947 1328 θεοῦ,
982 1264 1091 1319 Pnoen.
1115 1264 1169 1320 Vs·

242 1339 326 1402 1⁷0⁷,
350 1341 482 1405 νερτέρων
499 1335 529 1390 ἓν
546 1332 721 1404 δωμάτων,
742 1335 850 1388 Alcest.
868 1332 921 1387 Vs.
939 1334 1022 1397 1⁰833
1049 1328 1171 1388 ”Artav-

243 1421 290 1458 τος
307 1403 425 1474 δόμον,
443 1408 530 1460 Herc.
549 1405 617 1461 Fur.
635 1406 687 1460 Vs.
706 1403 774 1468 402,
800 1413 828 1456 et
847 1400 930 1482 aliis,
951 1418 1021 1469 quae
1038 1403 1171 1469 hujusce-

244 1475 320 1528 modi
338 1486 419 1540 sunt,
446 1474 579 1546 pluribus
598 1471 711 1528 nonnisi
730 1473 766 1526 dc
785 1471 932 1526 territorio
948 1471 996 1525 rel
1016 1472 1171 1526 habitatio·

242 1561 278 1597 ne
296 1545 476 1612 cogitandum
494 1554 546 1598 cst.

129 1616 208 1683 '‘dl)
245 1613 309 1668 Hoc
328 1615 392 1666 loco
405 1604 440 1666 de'
462 1611 629 1679 quaestione
646 1610 762 1676 quadam
779 1607 965 1663 adnotandum
983 1609 1097 1663 uidetur
1114 1615 1173 1662 sta·

245 1682 295 1737 tim
316 1683 344 1735 in
364 1680 479 1749 limine,
506 1689 636 1748 quantum
655 1679 768 1746 quidem
786 1677 852 1731 fieri
870 1677 994 1745 poterit,
1021 1677 1192 1732 absolvens

245 1753 289 1805 da.
325 1751 505 1804 Genellus
523 1748 597 1804 enim
616 1749 636 1800 1.
652 1765 676 1802 c.
696 1766 723 1818 p.
736 1751 790 1803 ,231
809 1763 852 1814 sq.
870 1756 899 1801 et
916 1765 943 1818 p.
960 1749 1012 1801 234
1036 1763 1118 1815 quum
1143 1745 1174 1800 in

245 1819 374 1874 editione
392 1819 552 1887 Stanleji
571 1818 601 1872 in
619 1815 706 1882 locis,
726 1817 775 1885 qui
795 1816 938 1886 incipiunt
955 1831 972 1869 a
990 1817 1057 1872 Vss.
1075 1818 1127 1873 393
1144 1824 1175 1870 et

243 1892 311 1955 555,
337 1889 425 1944 ternis
444 1891 546 1961 primis
565 1886 695 1942 versibus
714 1885 856 1940 continuis
879 1896 972 1940 notam
988 1891 1049 1940 XO.
1068 1885 1173 1957 praefi-

242 1974 306 2011 xam
325 1959 450 2024 videret,
485 1957 607 2028 singulis
626 1974 693 2011 vero
718 1956 849 2010 versibus
873 1955 1009 2026 deinceps
1027 1954 1174 2023 sequenti-

245 2028 298 2080 bus
316 2037 408 2082 notam
424 2033 535 2094 Eum„
554 2029 605 2082 bac
624 2044 655 2082 re
674 2026 826 2080 indicatum
844 2026 975 2094 putabat,
1003 2024 1072 2078 illos
1090 2041 1107 2078 a
1124 2040 1175 2077 co-

209 2095 475 2220 'niloticis
492 2095 827 2235 intonuisti,
846 2092 1175 2234 inlotisinotis
1281 2129 1285 2135 “

247 2243 405 2288 ceterarum
437 2235 524 2286 duces
559 2233 816 2289 distribuendorum
848 2231 1006 2302 periculum
1038 2229 1174 2302 suscepit,

249 2302 320 2354 licet
347 2301 411 2370 ipse
438 2301 601 2365 consessus,
637 2319 675 2354 ex
702 2308 864 2370 argumento
890 2303 1038 2356 verboram
1065 2302 1176 2356 nullum

248 2378 415 2422 mutaturum
442 2385 624 2438 personarum
649 2370 785 2423 indicium
809 2369 916 2422 desumi
943 2385 1036 2450 posse.
1081 2370 1176 2425 Etiam

248 2437 512 2504 Bembergerus
531 2438 549 2490 l.
569 2436 786 2504 emelinde,
820 2439 911 2503 »quod
934 2439 1004 2491 libri
1022 2455 1177 2493 manuscrr.

252 2505 282 2558 in
303 2505 380 2559 binis
397 2505 583 2559 Errmenidum
605 2504 744 2559 diverbiis
766 2506 801 2559 ad
848 2515 923 2560 artes
942 2505 1022 2560 ebori
1041 2507 1177 2563 notandos

251 2589 305 2627 non
323 2571 394 2643 xio„
414 2574 454 2629 uti
474 2576 598 2629 caeteris
620 2574 711 2639 locis,
730 2576 780 2629 sed
796 2581 868 2642 Ευμ.
888 2574 974 2630 dictis
992 2579 1054 2642 ejns
1072 2577 1177 2647 praeli-

252 2654 353 2711 gunt,t
384 2641 516 2712 colligit:
555 2662 625 2698 »non
643 2644 774 2710 chorum,
804 2645 854 2698 sed
873 2659 944 2711 quse
961 2645 1080 2716 proprie
1097 2647 1178 2700 solae

250 2714 322 2780 sint,
341 2723 400 2768 tres
417 2713 521 2768 Furias
540 2714 628 2781 loqui.
664 2713 715 2767 Vs.
733 2715 784 2767 412
802 2715 864 2781 (396
881 2714 981 2780 Well.)
998 2731 1059 2783 sqq.
1078 2716 1179 2786 plures

191 2795 197 2804 ·
250 2783 399 2837 choreutas
418 2783 553 2851 deinceps
571 2784 682 2836 locutos
701 2798 779 2844 esse,
799 2783 960 2837 confirmari
978 2785 1062 2838 etiam
1079 2785 1179 2840 verbis

248 2851 398 2907 Minervae
416 2853 467 2907 Vs.
479 2855 529 2906 414
548 2853 608 2918 (³98
627 2853 725 2920 Well.)
743 2852 964 2922 compellatione
982 2871 1036 2906 non
1055 2854 1090 2907 ad
1108 2857 1178 2908 cbo-

249 2935 310 2973 rum
327 2931 414 2976 totum
434 2923 480 2976 vel
498 2923 703 2993 coryphaeum,
735 2923 785 2974 sed
805 2922 838 2974 ad
857 2937 994 2989 quemque
1019 2924 1179 2978 locuturum

249 3005 332 3044 usae:
366 2987 503 3059 Maidorpt'
524 2988 570 3056 ria,
599 2989 625 3044 εἰ
645 2989 716 3061 λέγω
732 3004 782 3043 cus
804 2987 914 3060 ἐμφανῆ
936 2989 1062 3060 λόγον-
1080 3009 1179 3060 quam·

249 3075 332 3180 quan}
348 3075 393 3142 τιςΙ
406 3062 490 3143 etiam
509 3061 658 3182 dlapepdem
674 3075 808 3131 persona,
828 3063 909 3127 cnjus
925 3062 1096 3184 anpecedelns
1114 3077 1178 3117 oru-

249 3138 592 3278 iiliseruviiiit’iliiieuriile
611 3139 1180 3279 liiiiectilniire'ctiriieiiiginimeieiiitietiii

250 3276 367 3321 eatenus
389 3267 501 3334 quidem
524 3281 592 3320 vcra
610 3276 671 3334 est,
702 3270 777 3334 quod
804 3283 834 3320 rn
859 3267 988 3322 editione
1006 3267 1179 3338 Stanleji,

138 3367 141 3374 ⁴
250 3350 333 3402 quarn
351 3335 526 3389 Gemellus
544 3335 579 3388 nd
596 3347 692 3404 partes
712 3337 838 3403 vocavit,
865 3353 920 3390 non
940 3336 968 3391 in
987 3336 1065 3391 binis
1083 3338 1179 3394 sedin

248 3412 381 3471 quattuor
413 3404 573 3467 diverbiis,
619 3404 749 3458 nimirum
802 3415 928 3460 raeterea
959 3405 1043 3460 atiam
1075 3405 1104 3462 in
1132 3425 1178 3474 eo,

249 3473 325 3540 quod
343 3489 360 3527 a
377 3473 427 3529 Vs,
442 3476 492 3530 189
509 3471 625 3544 incipit,
645 3482 673 3526 et
691 3486 756 3527 ante
803 3489 826 3527 s.
840 3477 900 3540 715,
918 3473 1070 3547 inscriptio
1082 3481 1177 3534 Eam.

249 3543 407 3613 reperitur,
427 3553 455 3597 et
472 3541 500 3595 iu
518 3542 642 3596 secundo
660 3541 789 3595 diverbio
808 3543 994 3597 aGenello
1013 3562 1179 3600 commemo·

249 3623 312 3665 rato
330 3629 385 3665 non
404 3613 494 3665 solum
512 3609 620 3680 singuli
638 3627 754 3678 uersus,
786 3612 940 3666 sedetiam
964 3623 1023 3668 tres
1042 3615 1180 3682 continui,

250 3679 300 3802 gni
317 3681 507 3751 praecedant,
541 3680 657 3734 eandem
676 3682 780 3735 habent
797 3680 963 3750 praefixam.
1005 3684 1113 3752 Atque,
1143 3700 1180 3738 ne

279 3752 423 3817 tanlejo
441 3749 557 3804 nimium
575 3749 704 3804 tribuere
722 3750 882 3816 videamur,
916 3753 1013 3805 eodem
1031 3754 1113 3807 modo
1131 3766 1180 3807 res

249 3833 281 3870 se
298 3817 385 3872 babet
403 3821 432 3872 iu
452 3818 597 3872 veteribus
615 3818 792 3874 editionibus
809 3819 909 3888 nloi,
930 3821 1102 3887 Turnebi‚
1119 3820 1180 3878 vi-

249 3886 371 3940 ctorii.
413 3887 518 3944 contre
542 3888 780 3944 Robortallas
806 3889 841 3943 ed
867 3889 957 3944 Obori
982 3900 1077 3960 partes
1103 3887 1180 3944 desi·

250 3955 376 4021 gnandas
394 3971 450 4012 sem
473 3974 507 4012 er
523 3967 616 4011 notam
632 3963 693 4012 XO.
712 3958 851 4014 adhibuit.
888 3959 934 4013 De
953 3959 1104 4014 codicibus
1121 3974 1180 4012 ma-

248 4024 408 4095 nuscriptis
429 4026 505 4081 nrltil
529 4036 692 4096 conpertum
711 4029 811 4081 babeo.
848 4027 928 4083 (luae
951 4042 1035 4094 quum
1054 4026 1094 4080 ita
1111 4026 1179 4094 sint,

249 4090 339 4148 facile
355 4093 551 4164 intelligitur,
583 4111 665 4164 quam
682 4095 821 4152 infirmum
838 4096 877 4155 sit
894 4104 1087 4162 argumentum
1104 4098 1179 4164 quod

445 4415 457 4447 ἱ
