2652 4688
223 353 300 436 218

225 525 403 604 e'coirect.
426 525 598 605 Muelleri)
618 528 675 604 τοῖς
697 523 947 605 Πελοποννήσου.
1001 527 1102 611 Quod
1130 530 1164 591 si
1199 539 1260 592 sta-

223 631 353 686 tnamus
375 615 416 677 ad
436 613 537 679 verba
557 611 613 690 (V.
636 616 699 678 934
721 614 796 686 (984
806 612 943 689 99311.»
965 610 1091 694 εὔφρων
1114 611 1171 690 ἡδ’
1194 615 1262 694 ὁμο.

224 707 277 772 ilc,
294 702 348 766 vel
368 699 426 761 vs.
447 700 509 762 942
540 695 616 776 (992
636 697 761 776 99311.)
790 701 873 759 ileos
892 696 945 759 vel
964 717 1064 780 supra
1086 701 1153 762 901
1184 703 1260 774 (946

223 778 536 863 99311.)τάςδεγᾶρ
568 779 745 863 εὔφρονας,
768 779 958 842 adnotatum
986 784 1105 860 luisse,
1139 781 1259 844 Gram-

223 873 422 938 maticorum
442 872 680 943 commentum,
702 864 790 948 quod
810 883 896 925 nunc
917 865 1059 950 legitur,
1091 867 1259 928 facillime

225 957 389 1040 originem
418 948 538 1012 ducere
565 949 705 1032 potuit«
730 981 772 996 -
813 947 971 1030 Sequitur
992 949 1174 1036 Reisigius.
1227 951 1256 1012 Is

224 1043 262 1104 iu
289 1042 431 1100 enarrat.
485 1031 638 1115 Sophool.
669 1029 748 1095 Oed.
781 1027 853 1094 Col.
885 1052 917 1115 p.
945 1029 1078 1112 XXIV,
1110 1031 1255 1112 XXXV,

138 1137 145 1162 ⁶
224 1119 388 1190 XXXVII
408 1126 441 1180 et
461 1119 498 1178 in
518 1124 690 1180 comment.
713 1114 754 1178 de
775 1125 859 1197 pert.
883 1115 920 1179 ἂν
940 1136 971 1199 p.
988 1119 1048 1180 124
1070 1137 1176 1200 quum
1200 1119 1255 1180 ob-

224 1212 393 1281 servasset,
414 1201 627 1278 Athenienses
641 1201 767 1262 veritos
779 1201 879 1278 fuisse
892 1201 1254 1283 pronunciareEnme-

224 1291 339 1358 nidum
361 1304 496 1361 nomen,
528 1303 629 1366 usque
649 1303 689 1346 eo
709 1302 900 1368 progressus
922 1293 988 1362 est,
1019 1293 1058 1346 ut
1081 1285 1192 1346 »hanc
1214 1285 1254 1348 ob

187 1399 189 1402 ·
224 1397 296 1442 rem
316 1370 513 1450 Aeschylum
537 1371 573 1428 in
593 1365 844 1441 Eumenidibus‚
870 1368 981 1430 fabula
1002 1371 1155 1451 quamvis
1178 1389 1255 1454 cog-

224 1457 371 1534 nomini,
409 1473 475 1515 non
502 1471 570 1514 esse
590 1464 703 1512 ausum
725 1451 795 1512 ullo
824 1452 859 1511 in
888 1452 963 1514 loco
986 1471 1039 1514 eas
1061 1455 1176 1536 patrio
1200 1473 1255 1536 ap-

224 1545 351 1630 pellere
379 1533 594 1611 Eumenidum
626 1536 776 1596 nomine«
806 1534 1054 1615 contenderet,
1081 1540 1254 1619 »quamvis

223 1630 384 1704 Erinnyes
405 1628 566 1685 vocentur
586 1617 626 1680 V.
641 1619 703 1684 948
724 1617 798 1698 (911
820 1618 980 1696 walp«
1003 1618 1061 1682 sed
1092 1622 1256 1682 »circnm-
1312 1682 1313 1716 ,

224 1712 394 1776 locutione
412 1702 627 1766 Eumenidum
649 1722 767 1765 nomen
788 1700 996 1786 descripsisse
1016 1704 1059 1766 9.
1083 1707 1148 1769 999
1179 1707 1255 1783 (946
1312 1727 1313 1772 l

224 1793 347 1870 Well.)
369 1799 402 1853 et
424 1790 504 1854 1028
525 1789 599 1866 (984
614 1785 761 1864 ·Well.)«
783 1784 937 1869 εὔφρονος
959 1807 1012 1850 eas
1032 1787 1198 1872 vocando.
1212 1821 1253 1836 --
1312 1785 1313 1824 l

95 1909 97 1914 ·
224 1881 275 1948 Ab
304 1878 369 1940 hoc
399 1882 486 1936 totus
517 1870 638 1954 pendet
665 1870 890 1935 Wellauerus.
919 1911 964 1923 -
1015 1873 1081 1953 Qui
1113 1870 1256 1934 subinde

225 1962 381 2036 surrexit,
402 1957 609 2033 Klausenius,
631 1973 734 2036 neque
755 1955 814 2017 ille
834 1965 942 2018 mmen
963 1967 1032 2018 'rem
1051 1977 1255 2040 persequens

225 2048 303 2110 data
330 2060 447 2126 opera,
483 2048 521 2100 ut
549 2057 608 2100 nse
638 2037 817 2123 Reisigius,
858 2040 938 2101 haee
970 2037 1062 2101 dedit
1094 2040 1133 2101 in
1165 2041 1255 2102 libro

225 2130 354 2212 saepius
375 2126 476 2185 citato
497 2142 531 2206 p.
552 2123 611 2198 53,
641 2131 708 2182 not
732 2126 770 2186 61
800 2123 945 2186 breviter
966 2121 1141 2186 adnotata:
1178 2143 1256 2185 »no-
1312 2129 1313 2210 y

224 2233 302 2277 men
330 2225 409 2272 vero
430 2204 645 2267 Eumenidum
674 2223 740 2266 nou
759 2205 907 2292 Atticum
935 2215 1023 2284 erat,
1053 2205 1113 2270 sed
1135 2206 1254 2289 Sicyo-
1312 2231 1313 2286 y

225 2299 338 2373 nium,
367 2287 455 2352 unde
475 2292 597 2352 factum
617 2287 767 2364 videtur,
799 2289 888 2373 quod
909 2289 1088 2372 Aeschylus
1111 2294 1148 2352 iu
1173 2293 1253 2375 ipsis

223 2376 428 2446 sermonibus
448 2373 637 2461 tragoediae
658 2392 697 2434 eo
718 2391 785 2435 non
805 2377 927 2452 utitur,
950 2373 1007 2438 sed
1028 2377 1134 2436 simili
1154 2395 1256 2440 voca-

224 2467 305 2530 bulo
322 2459 478 2544 εὔφροοες.
522 2459 661 2543 Legitur
675 2466 784 2518 tamen
802 2458 888 2519 illud
896 2457 996 2542 Soph.
1012 2459 1051 2524 Ο.
1066 2459 1103 2524 C.
1122 2463 1199 2523 42.ο
1215 2489 1257 2506 -

222 2551 331 2630 Hujus
352 2545 492 2628 vestigia
511 2544 580 2606 sive
602 2543 706 2602 sciens
724 2541 794 2603 sive
815 2543 937 2605 inscius
958 2544 1041 2628 legit
1053 2543 1257 2620 Muellerus,

223 2632 282 2700 sed
303 2629 509 2694 dubitatione
529 2627 620 2688 omni
642 2632 784 2702 remota,
807 2626 926 2703 iniis,
949 2647 1031 2710 quae
1051 2629 1183 2709 scripta
1206 2648 1258 2690 re-

224 2717 401 2803 periuntur
420 2708 462 2771 ad
485 2707 679 2771 Eumenidas
699 2727 731 2791 p.
756 2711 826 2774 176.
874 2711 1049 2793 Postquam
1071 2711 1164 2773 enim
1187 2732 1258 2773 me-

223 2800 385 2872 moravit,
420 2794 548 2855 nomini
576 2790 850 2856 Eumenidum·
865 2797 1045 2878 proprium
1067 2796 1184 2858 locum
1205 2799 1259 2856 lu-

223 2887 289 2948 isse
307 2879 467 2960 Sicyone,
495 2895 561 2938 non
581 2876 737 2955 Athenis,
767 2878 827 2938 ubi
852 2876 987 2941 dearum
1014 2880 1176 2942 universa
1199 2898 1259 2940 ne-

224 2978 302 3030 tura
321 2963 422 3027 verbo
443 2962 557 3042 Σεμοαῖ
576 2959 809 3044 comprehendi
830 2963 928 3024 solita
950 2964 1083 3041 fuisset,
1106 2965 1156 3024 sic
1180 2983 1260 3046 per-

249 3052 276 3113 it
296 3047 516 3116 ratiocinans:
553 3042 676 3105 »daher
696 3045 780 3106 auch
802 3043 996 3127 Aeschylos,
1029 3045 1089 3109 der
1110 3049 1162 3110 sie
1194 3048 1262 3108 mit

119 3209 120 3214 η
224 3073 426 3199 bacho-usk
454 3129 561 3209 οεμοαὶ
586 3137 688 3190 nennt
717 3131 803 3206 (361.
836 3130 1010 3192 besonders
1039 3131 1144 3210 993),
1191 3130 1261 3194 den

223 3221 348 3282 seinem
377 3210 603 3300 Gegenstande
637 3230 673 3272 so
706 3212 789 3274 nahe
828 3213 999 3299 liegenden
1027 3214 1160 3277 Nemeo
1196 3215 1261 3277 der

222 3297 424 3364 Eumenides
446 3299 500 3360 nie
522 3296 687 3373 erwilhnt,
713 3294 856 3358 sondern
878 3298 932 3361 die
953 3297 1053 3362 milde
1075 3297 1172 3363 Seite
1196 3299 1263 3362 der

224 3385 418 3466 Gottheiten
445 3379 621 3443 besonders
655 3378 761 3442 durch
790 3379 937 3462 εὔφρονες
965 3383 1057 3461 (946.
1081 3383 1183 3465 984.)
1216 3405 1264 3446 zu

221 3469 421 3533 bezeichnen
455 3465 538 3528 lisbt
565 3463 653 3546 (quo
680 3466 747 3528 viri
775 3467 890 3526 eximii
916 3465 1025 3529 edicto
1057 3471 1265 3549 nuperrime

224 3557 324 3616 etiam
346 3549 383 3617 C.
405 3551 457 3612 Fr.
480 3548 687 3610 Hermannus
718 3550 754 3608 in
776 3544 997 3630 disputatione
1029 3549 1077 3612 de
1109 3555 1265 3614 sacris

179 3687 187 3712 ,
224 3636 375 3702 Coloni
402 3641 443 3696 et
475 3632 766 3718 religionibus
798 3652 885 3694 cum
918 3633 1071 3718 Oedipi
1101 3635 1268 3698 fabula

222 3718 481 3801 conjunctis,
512 3717 737 3799 quaestionum
760 3714 1021 3800 Oedipodesrum
1043 3721 1154 3800 capite
1190 3729 1269 3782 ter-

222 3809 288 3884 tio,
316 3827 348 3886 p.
372 3803 449 3880 126,
478 3819 554 3862 usus
576 3807 641 3876 est,
675 3819 775 3881 quum
804 3799 846 3860 ad
877 3801 1176 3865 commendandum
1203 3804 1269 3867 de-

222 3899 349 3953 cretum
377 3905 488 3960 suum,
517 3902 621 3966 equo
643 3881 819 3946 discrimen
845 3883 1052 3948 statuendum
1080 3907 1151 3948 esse
1178 3909 1270 3950 cen-

222 3985 273 4038 set
293 3977 381 4036 inter
403 3969 651 4032 Coloniatarum
673 3967 850 4056 religiones
872 3967 995 4033 Thebis
1016 3970 1159 4046 allatas,
1199 3976 1270 4036 ubi

224 4056 303 4122 deas
331 4049 524 4120 Eumenides
556 4050 738 4134 appellatae
755 4053 926 4133 fuissent,
965 4062 999 4117 ct
1026 4053 1186 4135 urbicas,
1228 4059 1272 4122 in
