2652 4688
1024 360 1098 439 289

107 553 189 596 -rum
204 534 361 615 'spim'tum
377 527 517 608 attonde,
539 530 597 594 sed
613 541 750 596 testatur
765 536 857 617 illam
875 534 974 598 etiam
991 535 1095 600 schol.

122 618 156 681 B.
175 619 338 682 lemmate.
381 627 382 632 ’
955 650 958 661 ’

9 721 10 726 ’
83 701 154 785 Paga
173 703 271 781 oosq.
291 697 382 780 ‚quod
409 701 590 780 suspicatus
618 721 689 767 sum
711 702 767 766 Vs.
793 706 860 769 164.
882 699 998 786 θόρνον
1018 705 1098 764 scri-

90 837 104 848 ..
122 783 257 848 bendum
280 803 366 855 esse,
395 782 528 861 ‚judicio
549 783 721 847 doctorum
743 787 911 850 hominum
934 789 1096 868 relinquo.

88 902 92 914 ι
121 864 445 936 Οιῃοῑρίοἱοίῑοῐίοοο,
461 877 588 944 careret
608 871 783 932 Fritnsohii
805 871 1006 935 emendatior
1035 874 1099 933 66-

119 974 171 1012 κον
192 947 253 1027 (sic
276 969 338 1014 scr.
360 971 391 1030 p.
414 953 473 1025 30,
494 951 553 1016 lin.
574 949 669 1031 οἰκ),
712 956 812 1016 immo
839 955 977 1019 videam
998 957 1099 1017 etiam

86 1079 93 1087 .
118 1030 258 1112 θρόμβον
278 1034 360 1094 ferri
379 1036 484 1114 possit
491 1080 502 1110 ,
530 1053 595 1096 nou
617 1033 749 1118 quidem
771 1059 810 1100 eo
832 1059 942 1114 sensu,
964 1057 1099 1121 (Ῑοοοιο

87 1163 92 1170 .
118 1119 226 1178 verbis
247 1119 345 1179 aliter
372 1121 568 1181 constructis
589 1123 765 1182 extricavit
783 1122 1009 1196 Hermannus,
1042 1123 1099 1186 sed

37 1201 38 1208 ’
88 1245 92 1255 .
122 1201 250 1275 simili,¹
272 1220 310 1265 no
329 1197 466 1281 θρόνον,
496 1204 735 1286 significatione
756 1204 906 1268 adhibito
925 1205 1097 1271 vocabulo.

88 1328 93 1336 .
122 1282 187 1344 Cir.
203 1283 346 1365 Hesyoh.
373 1285 517 1366 Θρονίαο,
538 1283 686 1367 θρόμβοι.
738 1287 888 1370 θρόμβον,
910 1289 984 1372 αἷμα
1004 1291 1098 1375 παχύ,

120 1365 275 1447 πονηρός,
299 1367 342 1440 cis
357 1370 503 1447 βουνοί
519 1369 591 1447 (nbi
609 1368 675 1433 vid.
694 1371 803 1435 adnot.
818 1374 964 1452 liberti,
987 1379 1044 1457 qui
1064 1381 1100 1438 in

88 1507 91 1514 .
123 1451 227 1512 Gloss.
242 1452 359 1516 Jatric.
377 1451 473 1528 MSS.
491 1472 552 1533 pro
571 1451 725 1534 Θρὺμβος,
747 1453 867 1539 9ρόμος
882 1460 1100 1541 probabiliter

89 1587 93 1598 .
123 1537 290 1598 rescribit:
330 1534 492 1618 θρόμβος,
524 1535 664 1617 θρόνος).
713 1539 875 1623 Θρόμβος,
909 1541 1028 1623 ὑψηλὸς
1046 1543 1101 1608 τό-

87 1663 91 1670 .
121 1641 190 1690 ποο.
234 1617 356 1682 Eodem
378 1629 504 1702 spectat
523 1624 611 1702 quod
633 1623 734 1684 schol.
759 1625 800 1686 ad
818 1626 918 1709 Sopb.
942 1629 1098 1691 Trachin.

87 1749 89 1756 ,
120 1700 177 1761 Vs.
200 1704 269 1768 792.
294 1703 412 1766 tradit:
450 1701 592 1784 θρόμβος
617 1703 675 1788 γὰρ
698 1708 714 1768 ὁ
738 1706 845 1788 ὅρκος,
877 1709 1015 1774 reddens
1042 1715 1100 1774 illo

122 1786 513 1869 nimirnmSophocleum
534 1790 670 1853 verbnm
690 1790 886 1870 adjectivum
902 1793 1099 1877 θρομβώδεις

121 1886 203 1931 voce
219 1869 393 1949 ἐπηρμένοι.
616 1904 618 1912 ¹
761 1933 765 1942 .

81 1988 121 1999 —-
142 1955 193 2031 32,
215 1952 257 2014 ad
278 1954 334 2026 vs.
350 1958 421 2021 152.
452 1953 657 2018 Vocabulum
674 1960 894 2041 μεσολαβεῒοῑ
912 1965 950 2027 ea
966 1965 1032 2030 loci
1050 1968 1100 2027 in-

123 2036 338 2122 terpungendi
356 2043 497 2116 ratione,
518 2059 614 2121 quam
632 2059 689 2103 uos
704 2046 846 2126 amplexi
859 2067 980 2127 sumus,
1001 2053 1103 2116 otiam

86 2177 90 2194 ,
122 2122 253 2201 passivo
268 2140 363 2190 sensu
381 2126 458 2204 capi'
475 2132 583 2206 potest
599 2127 656 2200 ita,
678 2135 716 2188 ut
735 2126 775 2190 de
796 2129 963 2197 locutione
984 2132 1102 2216 lupold-
1220 2143 1231 2162 '

121 2225 182 2264 νεον
203 2203 328 2288 κέντρον
348 2210 472 2292 cogites
500 2209 604 2271 simili
632 2210 701 2288 illi,
736 2232 817 2294 qnae
838 2216 925 2278 inira
946 2218 1003 2282 Vs.
1029 2224 1100 2291 172.

37 2343 40 2348 .
122 2291 301 2370 teporitur:
341 2288 506 2370 λαμβάνειν
526 2286 639 2366 otrodo
659 2290 815 2375 ἀρνηοτὴν
836 2296 924 2378 ὅφιν,
959 2323 1101 2383 quacum

89 2429 90 2434 ,
121 2372 182 2431 cir.
204 2372 382 2452 Euripiden
403 2374 471 2435 lou.
494 2376 551 2436 Vs.
572 2375 645 2438 525.
666 2376 802 2440 March:
825 2381 896 2442 εἴσω
917 2383 992 2457 τόξα
1010 2410 1101 2448 πνευ-

122 2448 223 2528 μόνων
244 2456 359 2533 λοβεῒν.
400 2458 465 2520 Pro
487 2459 545 2520 illa
565 2457 652 2538 apud
665 2458 838 2524 Musaeum
859 2485 957 2529 carm.
981 2467 1022 2531 de
1034 2471 1102 2533 He-

123 2553 204 2598 rone
225 2546 258 2598 et
279 2537 432 2608 Leandro
453 2539 509 2601 Vs.
535 2543 604 2604 166.
628 2549 693 2603 est:
729 2544 874 2628 δέχεσθαι
893 2550 1036 2635 κέντρον,
1059 2554 1101 2617 ad
1166 2555 1179 2588 ·'

121 2640 220 2699 quoru
240 2621 349 2687 locum
369 2626 466 2704 plura
486 2622 577 2686 dedit
597 2623 821 2691 Heinrichius.
971 2663 992 2688 η

81 2739 121 2750 -
145 2707 263 2786 3624,
284 2705 463 2776 ad'scholl.
486 2710 521 2768 in
543 2707 600 2770 Vs.
623 2712 693 2774 165.
735 2711 845 2777 Satius
868 2720 948 2796 crit,
971 2725 1100 2806 opinor,

122 2806 141 2847 a
163 2788 365 2867 schollastis,
386 2789 639 2873 utfiophooleo,
666 2794 779 2859 Furias
801 2819 874 2862 cum
894 2803 1003 2867 Parcis
1024 2827 1102 2872 con·
1217 2845 1221 2854 ·

122 2873 210 2940 fusas
231 2881 383 2936 statuere.
422 2877 472 2938 Dc
488 2876 597 2939 verbis
615 2875 690 2942 ὅσον
707 2876 768 2958 (οό)
785 2882 836 2944 ἐπί
854 2907 906 2948 ons
918 2892 978 2953 cfr.
997 2894 1098 2961 schol.

125 2955 161 3018 Β.
184 2953 226 3018 ad
246 2954 334 3038 Sept.
356 2979 383 3020 ο.
405 2958 510 3023 Theb.
533 2959 590 3023 Vs.
614 2964 684 3027 993.
708 2961 857 3046 Schuetz.

81 3073 124 3087 -
146 3043 203 3116 lo,
224 3039 267 3101 ad
282 3039 428 3108 ‚Vs.177.
467 3041 534 3104 Cur·
555 3046 785 3110 formationem
807 3059 1041 3140 καρανηστῆρες
1060 3065 1101 3126 ab

125 3125 287 3202 omnibus,
308 3122 396 3207 quod
416 3128 528 3199 sciam,
551 3127 646 3189 libris
667 3139 700 3192 et
718 3136 851 3218 scriptis
872 3148 906 3200 et
925 3143 1101 3226 impressis,

124 3209 184 3287 qni
214 3206 311 3271 fidem
338 3220 523 3289 merentur,
563 3212 819 3298 suppeditatum,
847 3219 976 3287 'contra
1004 3249 1102 3310 quam

123 3288 341 3356 Schwenolio
363 3304 397 3355 et
410 3294 606 3357 Wellauero
626 3300 731 3361 visum
753 3312 818 3380 est,
841 3325 914 3368 cum
936 3313 1102 3391 prioribus

85 3435 88 3442 ¹
123 3375 217 3452 hujus
238 3376 367 3442 fabulae
384 3377 566 3443 editoribus
581 3380 887 3466 repudiavissemus,
909 3395 1103 3474 explicatius

123 3458 294 3541 disputare
315 3462 520 3534 nolebamus3
541 3461 609 3528 vid.
632 3474 739 3529 tammr
759 3469 824 3546 jam
845 3473 986 3541 Lobeck.
1008 3499 1102 3560 para-

125 3543 238 3624 lipom.
268 3564 320 3630 gr.
337 3543 401 3609 Gr.
429 3547 555 3610 interca
580 3546 664 3616 edit..
686 3570 717 3631 p.
735 3553 797 3616 449
819 3565 851 3618 et
872 3557 1103 3627 1660675.-

123 3625 208 3692 Mox
237 3629 344 3694 scribo
364 3625 606 3714 ὀφθαλμωρύχοι
633 3652 707 3697 oum
728 3635 935 3718 Robortello3
975 3653 1103 3712 monuit

124 3710 225 3772 ctiam
242 3710 392 3780 Lobooh.
410 3713 452 3776 ad
473 3712 573 3798 Soph.
597 3715 687 3795 diac.
709 3738 741 3800 p.
763 3722 834 3787 228.

80 3826 124 3840 -
147 3795 199 3869 47,
216 3792 257 3854 ad
269 3795 326 3857 Vs.
339 3798 409 3862 180.
436 3798 486 3859 De
499 3798 659 3861 vocabulo
673 3799 782 3882 λυγμὸς
802 3807 914 3872 eadem
928 3816 980 3877 vel
997 3820 1102 3879 omni.

126 3895 171 3937 uo
192 3877 307 3940 velex
325 3890 434 3961 parts,
462 3899 544 3963 quac
565 3882 769 3964 Hesychius,
800 3892 935 3958 tradunt
955 3897 1102 3981 Photius,

125 3957 261 4036 scidas,
289 3960 433 4041 Cyrillus
450 3966 535 4028 Lex.
557 3986 653 4030 mscr.
676 3971 763 4051 apud
782 3975 908 4040 Albert.
931 3981 973 4042 ed
995 3982 1103 4047 locum

125 4042 297 4125 llesycbii.
328 4044 479 4113 Ceterum
496 4049 598 4131 probe
614 4053 702 4132 scio,
724 4057 816 4120 illam
836 4064 1064 4132 formationem
1084 4090 1102 4131 a
