2652 4688
1025 361 1100 438 289

88 553 190 596 ,vrum
206 534 362 615 'spirltum
378 528 519 609 attende,
541 530 598 594 sed
616 541 752 596 testatur
767 536 859 617 illam
877 533 976 597 etiam
993 535 1097 599 schol.

150 664 157 680 .
193 625 340 681 ammte.
382 627 384 632 ’
784 675 787 682 ,
956 650 959 661 ·

81 617 156 785 Pa}
175 619 383 781 dilsq.aquod
411 701 592 781 suspicatus
620 721 690 766 sum
713 702 769 766 Vs.
794 707 862 769 164.
884 699 1000 786 θόρνον
1019 706 1100 764 scri-

89 838 92 847 .
122 783 259 848 bendum
282 803 367 856 esse,
396 781 530 861 ,judicio
551 783 723 846 doctorum
745 788 913 850 hominum
935 790 1098 868 relinquo.

86 903 91 914 ·
121 863 447 936 Omnirdubilatione,
463 877 590 944 careret
610 871 784 932 Frituschii
806 871 1008 934 emendatio:
1036 874 1101 934 θᾶ-

119 973 173 1012 κον
194 947 255 1027 (sic
277 969 340 1014 scr.
362 970 393 1030 p.
416 953 475 1025 30,
496 951 555 1016 lin.
578 952 671 1031 ult.);
715 956 813 1016 immo
841 955 917 1019 vide
936 975 979 1017 an
1000 958 1100 1018 etiam

85 1079 92 1086 .
119 1029 259 1112 θρόμβον
280 1034 362 1094 terri
382 1038 504 1114 possit,
532 1053 597 1096 non
619 1034 751 1117 quidem
773 1059 944 1114 euoenon,
966 1058 1061 1121 quem
1082 1061 1101 1102 e

86 1161 91 1168 ·
119 1119 228 1178 verbis
248 1118 347 1178 alitor
373 1121 570 1180 constructis
591 1123 767 1183 extricavit
785 1123 1011 1198 Hermannus,
1044 1125 1100 1188 sed

88 1245 91 1254 .
122 1201 242 1275 simili,
274 1221 312 1265 ac
331 1197 468 1281 θρόνον,
497 1204 737 1286 significatione
758 1204 907 1268 adhibito
927 1205 1098 1272 vocabulo.

88 1328 92 1334 -
122 1281 189 1344 cfr.
204 1283 347 1364 Hesych.
375 1285 518 1366 Θρανόαο,
540 1283 688 1366 θρόμβον.
740 1287 890 1370 Θρόμβοο,
912 1289 986 1370 αἷμα
1006 1291 1100 1375 παχύ,

121 1364 277 1446 eucayda,
301 1367 344 1439 ais
359 1370 504 1447 1βουνοί
521 1369 593 1447 (nbi
610 1369 676 1434 rid.
696 1371 805 1435 adnot.
820 1375 966 1452 Alberti,
989 1380 1046 1458 qui
1066 1381 1101 1438 in

88 1507 92 1514 .
124 1449 229 1512 Gloss.
244 1451 361 1514 Jatric.
379 1451 475 1514 MSS.
492 1471 553 1532 pro
572 1451 726 1534 Θρόμβος,
749 1454 869 1540 θρόμος
884 1459 1102 1542 probabiliter

90 1587 93 1596 2
123 1536 292 1598 rescribit:
332 1534 493 1618 Θρόμβος,
525 1536 665 1616 θρόνος).
715 1539 876 1623 Θρόμβος,
910 1541 1029 1624 ὑψηλός
1048 1543 1102 1608 τό-

88 1663 92 1670 .
123 1641 210 1690 νος..
235 1617 358 1682 Eodem
380 1629 505 1702 spectat
525 1624 612 1702 qnod
635 1623 736 1686 schol.
760 1625 801 1686 ad
820 1626 920 1710 Soph.
944 1629 1099 1692 Trachin.

122 1700 179 1760 Vs.
202 1704 271 1766 702.
295 1703 413 1766 tradit:
452 1701 593 1784 θρόμβος
618 1704 847 1788 prinoipem,
878 1709 1016 1774 reddens
1044 1715 1102 1776 ille

123 1786 280 1852 nimirum
296 1786 514 1869 Sophocleum
536 1791 671 1852 verbum
692 1790 887 1870 adjectivum
904 1793 1101 1878 θρομβώόνις

122 1887 205 1932 voce
221 1868 394 1949 ἐπηρμένον.
618 1903 620 1912 ’
763 1933 766 1942 .

81 1988 122 1999 -
144 1954 195 2030 32,
216 1951 259 2014 ad
280 1955 335 2026 Vs.
352 1957 422 2022 152.
454 1953 658 2027 Vocabulum
676 1960 896 2040 proclodsimr
913 1986 951 2028 ea
967 1965 1034 2030 loci
1053 1969 1102 2028 in-

125 2037 339 2122 terpungendi
358 2042 498 2117 ratione,
520 2059 616 2121 quam
634 2061 691 2104 nos
706 2046 847 2127 amplexi
861 2067 982 2129 sumus,
1004 2054 1104 2118 otiam

87 2179 91 2194 ,
124 2122 252 2201 passivo
270 2141 365 2190 sensu
382 2126 459 2206 cepi
477 2132 584 2206 potest
600 2127 657 2201 ita,
680 2136 718 2188 ut
736 2127 777 2190 de
798 2130 965 2196 locutione
985 2133 1103 2217 λαμβό-
1222 2143 1232 2162 ’

123 2225 184 2264 ναν
206 2202 330 2288 κέντρον
350 2210 474 2292 cogites
501 2209 606 2270 simili
634 2210 703 2288 illi,
737 2232 819 2294 quae
839 2216 927 2278 inira
948 2219 1004 2283 Vs.
1031 2225 1101 2292 172.

39 2343 42 2350 .
88 2323 91 2328 -
124 2290 304 2369 reperitur:
343 2289 507 2370 λαμβάνειν
528 2286 640 2366 πτηνόν
661 2291 816 2375 ἀργηοτήν
837 2296 925 2379 ὅφιν,
961 2324 1102 2384 quacum

90 2429 93 2434 ,
124 2373 184 2432 cir.
206 2371 383 2452 Euripidea
405 2374 473 2436 Ion.
495 2376 552 2436 Vs.
574 2376 646 2438 525.
668 2377 804 2442 Matth:
827 2382 897 2442 sinu
919 2383 993 2458 τόξα
1011 2411 1103 2448 πνευ-

124 2447 225 2529 μόνων
245 2456 360 2533 λαβεῖν.
403 2457 466 2518 Pro
488 2459 547 2520 illa
567 2457 654 2538 apud
667 2458 839 2524 Musaeum
860 2485 958 2530 carm.
983 2467 1024 2531 de
1036 2472 1103 2534 He-

125 2554 206 2598 rone
227 2546 260 2598 et
280 2537 433 2608 Leandro
454 2539 510 2601 Vs.
537 2545 605 2605 166.
630 2549 695 2604 est:
731 2544 875 2628 δέχεσθαι
895 2551 1038 2635 κέντρον,
1060 2555 1103 2617 ad
1167 2555 1180 2588 ‘⁴

124 2640 221 2700 quem
242 2621 350 2687 locum
370 2626 467 2704 plura
488 2623 579 2686 dedit
598 2625 822 2692 Heinricbius.

83 2739 123 2750 —
147 2707 188 2770 36
201 2725 264 2786 sq„
286 2705 328 2768 ad
341 2707 465 2771 'scholl
487 2709 523 2768 in
545 2707 601 2770 Vs.
625 2713 695 2774 165.
737 2711 846 2778 Satius
869 2721 950 2798 erit,
972 2725 1102 2806 opinor,

124 2806 143 2847 a
165 2788 366 2866 scholiastis,
388 2789 641 2874 utSophocleo,
668 2795 781 2858 Furias
802 2819 875 2863 cum
895 2803 1005 2868 Parcis
1026 2829 1103 2872 con·
1218 2845 1222 2856 ·

125 2873 211 2940 fusas
233 2881 385 2936 statuere.
423 2876 473 2938 De
490 2877 598 2939 verbis
616 2874 691 2940 ὅσον
708 2877 769 2958 (τό)
787 2882 837 2944 ἐπί
856 2908 906 2948 σον
920 2893 980 2954 cfr.
998 2895 1100 2961 schol.

128 2955 163 3018 Β.
186 2953 227 3018 ad
248 2954 335 3038 Sept.
358 2979 385 3020 c.
408 2957 512 3022 Theb.
534 2959 591 3024 Vs.
615 2965 686 3028 993.
709 2961 858 3046 Schuetz.

84 3073 127 3088 .,
149 3042 204 3116 40,
226 3039 268 3100 ad
283 3039 348 3106 ²Vs.
361 3045 430 3106 177.
469 3041 536 3104 Cur
557 3047 786 3110 formationem
809 3059 1042 3141 ναρανησνῆρες
1062 3065 1102 3126 ab

128 3124 289 3222 omnibus,
310 3121 397 3207 quod
418 3128 529 3199 sciam,
552 3128 647 3189 libris
669 3139 702 3192 et
719 3136 852 3218 scriptis
874 3149 907 3200 et
926 3143 1103 3226 impressis,

126 3205 820 3380 ttltllthmi‘ttltuttpttll‘tt3
842 3234 1104 3390 67ζίῑοῖῗέἒέ

89 3436 92 3442 ,
125 3375 219 3452 hujus
240 3376 369 3441 fabulae
385 3377 567 3442 editoribus
582 3380 888 3467 repudiavissemus,
911 3396 1104 3475 explicatius

126 3458 295 3540 disputare
316 3461 521 3534 nolebamus3
543 3461 610 3528 rid.
633 3473 740 3530 umen
761 3470 825 3546 jam
846 3474 987 3542 Lobeck.
1009 3499 1104 3561 para·

127 3543 240 3623 lipom.
270 3564 319 3630 gr.
338 3543 402 3608 Gr.
431 3548 556 3610 interea
582 3546 666 3616 edit„
687 3570 718 3631 p.
737 3553 798 3616 tto
820 3565 853 3618 et
873 3557 982 3624 adnot
1000 3565 1104 3628 75.-

125 3624 209 3692 Mox
231 3629 345 3694 scribe
366 3625 607 3714 ὀφθαλμωρύχοι
634 3651 708 3698 cum
730 3635 936 3718 Robortello;
977 3653 1104 3713 monuit

127 3710 227 3772 etiam
244 3711 394 3780 Lobeck,-
412 3713 453 3775 ad
474 3711 575 3796 Soph.
598 3714 687 3794 Ajac.
711 3738 742 3800 p.
764 3722 835 3787 228.

84 3827 127 3841 -
149 3794 201 3870 47,
217 3791 258 3854 ad
271 3794 327 3858 Vs.
340 3799 411 3862 180.
438 3799 488 3859 De
500 3797 660 3861 vocabulo
675 3799 784 3882 λυγμός
803 3807 915 3873 eadem
929 3817 982 3878 vel
998 3821 1103 3880 omni-

129 3893 173 3938 no
194 3877 308 3940 velex
326 3891 435 3960 parta,
464 3899 545 3964 quae
567 3881 770 3964 Hesychius,
801 3893 936 3958 tradunt
956 3899 1103 3982 Photius,

127 3957 263 4037 Suidm,
291 3961 434 4042 Cyrillns
457 3967 536 4028 Lex.
559 3986 654 4030 mser.
678 3971 765 4051 apud
784 3975 909 4040 Albcrt.
933 3981 974 4042 ad
996 3985 1104 4048 locum

127 4043 298 4125 Hesychii.
330 4045 480 4113 Ceterum
497 4049 599 4132 probe
616 4053 704 4132 scio,
726 4057 818 4121 illa'm
838 4065 1066 4132 formationem
1085 4091 1103 4132 a
