2794 4692
1085 329 1313 424 cm‘

142 545 285 619 tmnen,
330 549 442 624 mum
467 521 597 600 matris
622 526 832 625 sanguinem
858 527 1163 626 consanguineum

98 669 101 674 ·
142 626 366 726 profuderit,
392 651 483 700 num
505 627 617 725 Argis
642 642 828 723 paternam
855 628 1164 702 domumineolm

142 753 184 804 re
205 727 338 826 possit,
365 726 492 824 quihus
517 727 747 824 popularibus
772 727 945 804 altaribus
968 730 1163 818 utens,ad

143 853 253 927 quiam
279 827 539 904 contribulium
565 831 753 903 lustralem
778 855 909 926 aquam
935 829 1136 906 admissus?

242 928 441 1026 Respondet
471 930 625 1025 Apollo,
672 954 744 1003 non
777 954 853 1004 esse
884 946 1040 1006 matrem
1072 932 1162 1025 ejus,

144 1029 206 1128 qui
218 1045 349 1128 partus
371 1043 542 1116 vocetur,
570 1045 777 1125 parentem,
802 1031 863 1105 sed
885 1032 1067 1105 nutricem
1088 1031 1164 1114 foe-

142 1146 201 1206 tus
232 1153 358 1205 recens
386 1129 464 1206 sati.
518 1129 674 1230 Gignere
692 1153 799 1221 eum,
826 1131 886 1227 qui
908 1131 1032 1224 saliat,
1058 1130 1162 1206 illam
1249 1221 1251 1224 Ι

142 1255 232 1308 vero
257 1247 427 1328 tanquam
446 1233 635 1331 peregrino
653 1231 884 1330 peregrinam
902 1258 1064 1308 servasse
1080 1258 1162 1330 pro-
1205 1319 1209 1333 .
1246 1243 1248 1248 ’

143 1334 236 1426 lem,
260 1333 389 1430 quibus
408 1330 571 1406 divinum
594 1357 728 1406 numen
752 1357 825 1406 non
846 1333 1049 1430 perdiderit
1090 1335 1162 1410 Ar-

142 1449 359 1536 gumentum
377 1433 485 1526 ‘hujus
503 1431 654 1506 rationis
670 1431 810 1530 insigne
826 1457 902 1508 esse
921 1435 961 1508 in
980 1450 1160 1530 promptu.

143 1537 291 1610 Patrem
316 1533 461 1631 quidem
487 1533 660 1630 (aliquem
687 1533 790 1624 fieri)
816 1535 963 1636 gignere
987 1560 1089 1632 posse
1114 1534 1162 1609 si·
1228 1627 1231 1634 „

144 1659 190 1708 ne
208 1650 337 1708 matre.
388 1636 533 1708 Testem
552 1658 662 1730 prope
680 1633 799 1708 adesse
808 1687 820 1727 ,
845 1661 973 1734 nempe
990 1637 1163 1732 aliquam,

145 1759 235 1830 quae
259 1735 333 1810 iilia
353 1735 452 1810 lovis
479 1733 526 1808 sit
549 1759 616 1808 nee
641 1759 729 1808 vero
750 1733 789 1808 in
811 1750 915 1811 utero
937 1737 1093 1829 nutrita,
1126 1750 1163 1812 at

144 1834 227 1910 talis
252 1849 372 1910 tamen
398 1835 538 1930 proles,
580 1837 721 1930 qualem
747 1835 907 1912 visulla
931 1839 996 1914 dea
1020 1863 1162 1935 pepere-

58 1975 62 1988 ·
144 1935 196 2010 rit
213 1933 290 2028 1⁰⁸).
365 1938 462 2010 Hine
496 1935 540 2010 ad
573 1935 778 2010 Minervam
803 1961 997 2014 conversus
1022 1955 1059 2013 et
1082 1963 1161 2036 pro-

142 2037 346 2131 mininie
371 2037 496 2132 quovis
521 2036 593 2112 alio
618 2050 800 2132 respectu,
826 2054 933 2133 prout
957 2039 1085 2136 possit,
1111 2039 1162 2112 oi·

135 2136 296 2214 ¹ritatem
319 2138 483 2212 Atticam
517 2162 688 2240 magnam
724 2137 953 2214 redditurum
986 2165 1083 2232 esse,
1126 2156 1162 2214 et

144 2238 346 2342 significat,
392 2264 432 2312 se
458 2239 623 2314 Orestem
656 2237 700 2314 ad
734 2237 835 2314 aedes
864 2240 975 2337 ipsius
1007 2241 1161 2330 misisse,

144 2357 184 2416 ut
215 2340 285 2440 ipsi
320 2339 434 2414 fidelis
464 2340 568 2414 fieret
598 2340 638 2412 in
669 2354 901 2436 perpetuum,
948 2343 1092 2438 ipsaque
1127 2358 1162 2415 et

142 2438 240 2518 hunc
259 2441 530 2516 nancisceretur
551 2439 637 2514 belli
664 2437 805 2513 socium
834 2457 869 2516 et
890 2457 1049 2537 posteros
1072 2443 1160 2536 ejus,
1263 2437 1266 2446 ’

143 2557 248 2642 etque
266 2543 305 2616 in
321 2541 584 2639 sempiternum
611 2541 648 2614 in
677 2539 830 2614 foedere·
842 2556 1004 2618 maneret
1024 2542 1161 2618 Orestis

144 2659 181 2718 et
201 2642 507 2746 Areopagitarum
530 2640 718 2744 progenies
737 2639 814 2733 ¹⁰9).

138 2778 411 2790 ’.κω-...μηκύ-

246 2849 372 2920 objectio
398 2851 505 2920 nequit.
558 2855 602 2908 An
625 2869 723 2909 uersus
745 2853 787 2910 sic
813 2852 1072 2924 interpungendus:
1097 2847 1165 2907 fluis

245 2919 297 2992 peip
314 2920 346 2975 το·
365 2917 471 2991 φεύγειν
485 2917 566 2976 rcid'
581 2919 750 2992 inspectata
777 2919 842 2991 ὅρα,
863 2941 887 2974 a.
905 2941 931 2975 τ.
950 2919 993 2976 L?
1029 2921 1162 2992 Scriptu-

245 3006 279 3044 ra
293 2985 366 3057 tout,
401 3007 473 3058 quaa
491 2992 520 3046 in
538 2994 600 3048 cod.
619 2993 742 3077 Geelph.
766 3002 793 3046 et
815 2993 844 3046 in
861 2992 907 3045 ed.
927 2991 991 3045 Ald.
1008 2999 1161 3062 comparet,

245 3075 302 3114 non
319 3069 387 3131 puto
405 3061 528 3115 verioris
546 3062 679 3118 lectionis
697 3062 832 3117 indicium
850 3059 997 3119 contineri.

145 3155 206 3222 1⁰8)
229 3151 328 3224 ¹lianc
346 3153 493 3224 Apollinis
510 3156 778 3224 argumentationem
795 3171 850 3208 non
869 3153 1018 3206 defuerunt
1043 3150 1092 3222 qui
1116 3168 1163 3203 σο-

246 3223 365 3292 plepem
382 3235 523 3278 vocarent.
576 3225 677 3292 Sitque
705 3227 761 3288 ita,
797 3224 824 3276 si
851 3237 907 3276 rem
935 3232 1054 3288 spectas,
1105 3219 1163 3275 Sed

244 3290 392 3362 Aeschylo
417 3291 481 3362 ipsi·
503 3309 586 3346 secus
611 3294 701 3348 visum
727 3291 833 3358 luisse,
870 3307 1032 3361 persuasum
1060 3289 1162 3353 haheo,

246 3376 326 3428 quem
339 3359 423 3415 etiam
442 3361 513 3416 hanc
531 3365 715 3429 sententiam,
732 3374 763 3415 ut
780 3364 931 3433 plerasque
946 3359 1033 3430 alies,
1052 3375 1069 3413 e
1085 3360 1164 3412 tonte

153 3463 157 3472 ·
246 3429 395 3485 doctrinae
413 3430 615 3486 reconditioris
637 3433 784 3497 hausisse,
820 3441 851 3485 ut
869 3431 998 3496 credam,
1027 3429 1163 3495 estquod

186 3557 188 3563 ,
245 3499 369 3554 suadeat.
421 3501 461 3556 Et
477 3502 553 3554 cavit
570 3501 633 3570 ipse
658 3517 694 3556 ne
712 3517 794 3567 quem
811 3499 1004 3554 cavillatorem
1022 3497 1163 3553 inveniret

245 3568 274 3622 ei
290 3568 414 3623 similem
459 3573 507 3640 qui
526 3570 680 3641 Euripidi,
708 3585 790 3637 quum
810 3569 858 3624 hic
876 3569 1006 3624 Orestem
1024 3567 1163 3624 dicentem

245 3636 379 3694 fecisset:
411 3607 474 3692 inv
491 3637 520 3694 δὲ
538 3635 641 3708 πατρὸσ
657 3643 749 3694 τέκνον
764 3635 812 3692 ou'e
828 3638 870 3705 εἴη
887 3633 958 3692 nor'
974 3632 1023 3704 ἄν,
1054 3634 1163 3704 obiecit

246 3707 337 3762 illud:
366 3701 429 3764 ἔνου
448 3705 476 3764 di
492 3705 594 3780 μητρδς
611 3699 634 3763 ὦ
649 3703 781 3780 eteepp'
797 3703 954 3778 Εὐριπίδης

144 3797 207 3863 1⁰9)
246 3799 311 3855 Hoc
337 3815 404 3858 sene
429 3811 473 3858 etl
497 3801 546 3868 lios
564 3799 614 3858 aori
629 3798 788 3873 πράγματος
803 3797 893 3870 λέγειν.
943 3798 1163 3854 Dubitotamen

246 3883 310 3922 num
327 3872 436 3942 Apollo
457 3875 523 3939 iure
544 3874 657 3928 dicetur
680 3871 902 3926 benevolentiam
920 3879 950 3926 et
966 3867 1163 3946 conletepdam

247 3939 339 3993 adhuc
363 3952 393 3995 et
410 3945 466 4010 jem
484 3943 616 3998 collatam
633 3940 870 3997 commemorando
891 3936 1003 4007 judices
1020 3936 1162 3989 sollictta-

246 4021 296 4072 τις
319 4009 480 4072 advertetur
497 4013 578 4068 modo
596 4011 700 4076 velim,
719 4009 788 4064 lteec
804 4009 891 4063 rerba
908 4007 989 4061 nullo
1007 4004 1162 4072 cogitatio-

245 4075 291 4130 nis
314 4095 390 4137 nexu
414 4089 545 4138 contente
565 4097 629 4136 cnm
651 4079 883 4144 antecedentibus
906 4086 935 4133 et
957 4085 1024 4147 post
1039 4089 1164 4128 caussam
