2812 4690
253 351 304 428 98

255 525 333 606 qnia
353 521 461 606 prima
481 517 550 598 ejus
563 517 668 580 litera
687 515 858 598 simillima
879 524 951 604 erat
971 499 1156 600 postremae
1176 535 1279 580 rooa-

253 607 325 668 buli
345 603 588 689 praecedentis,
623 603 658 660 in
685 601 861 683 propatulo
887 603 987 662 situm
1008 608 1067 663 est.
1110 605 1280 702 Kosnpw-

252 687 317 764 ιιιῦς
334 685 447 769 νόμους
467 686 571 752 valet:
604 684 764 746 ritibus
785 687 1052 766 perfunctus,
1074 681 1092 746 ὁ
1112 689 1279 756 crisenone
1391 745 1392 750 ,

252 771 351 838 πάντα
371 767 411 834 τὰ
430 764 629 850 νομιζόμενα.
651 775 690 830 ιιι
707 765 905 830 Abreschius
927 767 1071 852 explicat
1090 769 1197 830 solum
1216 788 1279 832 vo·

252 856 404 922 cabulum
426 850 631 934 κατηρτυκώς.

335 941 444 1004 Versu
464 941 526 1002 456
554 936 633 998 libri
663 953 758 998 mser.
786 934 924 998 habent:
953 929 1065 1018 Ϊχιῑραι
1089 933 1149 1016 μετ’
1177 928 1276 1010 αὖτις,

254 1025 333 1110 Bag.
362 1023 421 1099 In,
458 1023 561 1104 χῶραι
590 1013 650 1100 μετ’
687 1011 798 1093 αὖθις,
836 1016 927 1082 Med.
961 1020 1101 1102 Gueiph.
1127 1018 1209 1124 ised
1240 1022 1279 1080 in
1390 995 1392 1118 4

252 1106 343 1172 Med.
373 1103 460 1188 apud
487 1102 570 1168 We'
594 1147 604 1166 .
635 1110 683 1163 est
707 1099 827 1184 χῶροι)
835 1149 846 1178 ,
881 1102 1019 1185 χῶμαιμε
1045 1099 1070 1164 τ’
1101 1110 1194 1176 codsa
1221 1102 1276 1165 ed.

252 1189 326 1253 Ald.
349 1189 515 1254 Robort..
593 1186 646 1247 inc
673 1185 907 1263 Wellauerus,
936 1183 1052 1248 ductus
1079 1187 1277 1249 scholiastae

252 1275 379 1338 verbis:
416 1271 579 1353 τυχοῦσαι,
611 1265 675 1330 cinci
695 1271 749 1332 ποῦ
767 1270 939 1351 τυχουσῶν,
970 1269 1114 1332 feliciter
1134 1271 1277 1332 extrica·

252 1361 302 1423 vit
323 1358 441 1418 hocce:
462 1350 552 1437 χώρᾳ
573 1353 720 1432 μεταῦθις
741 1361 834 1424 cett.;
867 1356 927 1418 cfr.
950 1354 1040 1426 infra
1056 1353 1113 1416 vs.
1129 1356 1190 1418 750
1203 1375 1275 1438 sqq.

253 1442 363 1508 etttt
379 1458 476 1522 sqq..
519 1438 658 1500 Interim
680 1438 803 1496 mirum
822 1445 880 1514 cst,
903 1434 990 1519 quod
1012 1456 1123 1499 omnes
1145 1435 1277 1502 codices

253 1544 350 1588 mscr.
388 1520 547 1602 syllabam
579 1519 642 1602 χῶ·
676 1520 916 1582 circumflexam
952 1517 1116 1583 exhibent.
1181 1520 1276 1582 Talis

253 1605 385 1692 quidem
412 1623 450 1667 ea
478 1605 550 1689 ipsa
570 1622 638 1664 essa
666 1622 733 1664 non
759 1611 883 1685 potest,
915 1609 951 1664 at
972 1600 1061 1666 dicar
1087 1612 1277 1687 sequentem
1310 1645 1316 1661 .

253 1695 353 1754 fnisse
384 1697 483 1772 atque
509 1685 551 1751 de
579 1686 641 1750 hae
668 1695 820 1749 accentus
852 1687 982 1786 signum
1009 1705 1088 1747 casn
1115 1689 1152 1749 in
1181 1688 1275 1748 illam
1391 1715 1392 1772 μ

253 1774 447 1837 translatum
475 1789 554 1835 esse.
604 1769 829 1850 Quaesiverim
850 1771 995 1845 scilicet,
1024 1790 1066 1832 an
1093 1779 1190 1852 poeta
1221 1770 1276 1832 de-
1391 1776 1392 1844 ξ

253 1858 356 1934 deritff:
377 1853 475 1939 χωρεῖ
491 1863 584 1927 cett3
606 1858 666 1916 cfr.
691 1861 801 1916 nostra
821 1851 864 1914 ad
885 1852 942 1918 Vs.
965 1855 1036 1918 796.
1079 1856 1120 1915 Et
1140 1855 1205 1934 jam
1225 1855 1275 1917 vi·

254 1941 327 2017 deo,
349 1944 449 2002 etiam
470 1936 687 1999 aFritzschio
710 1937 745 1998 in
766 1932 945 2019 appendice
966 1957 998 2020 p.
1014 1939 1066 2016 76,
1086 1938 1146 2000 ubi
1165 1939 1277 2000 locum
1391 1965 1392 1988 ι

253 2033 401 2086 nostrum
427 2024 513 2083 forte
534 2023 632 2097 citat,
661 2020 709 2080 sic
734 2020 854 2098 scribi,
885 2023 996 2084 nescio
1024 2032 1134 2084 utrum
1157 2019 1197 2084 de
1220 2023 1276 2082 in·
1391 2025 1392 2058 ³

220 2134 226 2151 ι
252 2106 398 2185 dustria,
426 2123 468 2166 an
491 2122 604 2165 errore
625 2103 677 2164 vel
699 2103 878 2165 memoriae
903 2105 955 2166 vel
976 2105 1174 2186 typothetae.
1260 2155 1263 2161 .

334 2191 360 2250 E
381 2185 529 2252 versibus
550 2183 612 2252 458
629 2193 663 2248 et
679 2187 740 2250 459
761 2186 847 2247 alter
867 2207 940 2250 meo
960 2187 1086 2268 judicio
1106 2205 1199 2250 sanus
1220 2196 1271 2250 est

252 2293 313 2338 nec
344 2271 410 2334 nisi
430 2270 650 2352 explicatione
677 2277 767 2356 eget,
799 2268 884 2332 alter
905 2281 1096 2354 corruptus,
1126 2271 1163 2334 id
1182 2269 1270 2354 quod

251 2359 305 2424 vel
334 2357 404 2418 sola
431 2354 531 2416 metri
558 2354 645 2415 ratio
666 2349 771 2415 docet.
837 2354 887 2415 De
914 2355 975 2424 illo
1006 2359 1095 2417 infra
1116 2354 1270 2432 dicemus,

252 2443 310 2503 ubi
345 2439 583 2504 sententiarum
624 2457 725 2498 nexus
762 2439 909 2500 universi
936 2438 1004 2500 loci
1033 2440 1270 2522 explicabilem

139 2559 144 2584 ι
252 2529 339 2589 hune
366 2522 556 2586 scholiastes
583 2523 631 2583 sic
662 2521 896 2602 interpretatus
921 2530 987 2584 cst:
1025 2521 1151 2603 πέμπειν
1178 2518 1273 2595 αὐτὰς

253 2607 420 2690 ἆμηνίτως,
451 2603 589 2687 δυςχερὲς
615 2603 696 2668 ἔστιν
725 2601 801 2684 ἐμοί.
853 2601 997 2687 Apparet
1028 2609 1144 2682 facile,
1171 2607 1274 2670 verba

252 2690 391 2777 δυςχερές
412 2689 494 2750 ἔστιν
514 2687 581 2768 ἐμοὶ
602 2707 667 2749 non
688 2689 855 2769 pertinere
875 2690 941 2750 nisi
958 2686 999 2750 ad
1013 2692 1170 2754 vocabula
1193 2685 1273 2770 ἀμη-

251 2775 352 2860 χάνως
382 2772 459 2852 ἰμοί.
513 2771 712 2836 scholiastes
740 2773 847 2857 igitur
873 2780 949 2834 ante
977 2769 1140 2857 ἀμηχάνως
1168 2776 1271 2836 iuter-

250 2856 460 2946 pungendum
487 2875 556 2920 esse
583 2854 761 2942 statuebat,
791 2864 825 2916 et
848 2858 1061 2938 vocabulum,
1093 2859 1181 2941 qnod
1207 2879 1271 2940 pro

252 2935 413 3022 dopndpm’
445 2941 482 3000 iu
512 2939 599 3002 libro
630 2957 689 2999 suo
722 2936 877 3014 habebat,
912 2938 953 3000 ad
981 2943 1118 3004 verbum
1145 2940 1272 3022 πέμπειν

251 3022 455 3090 trahendum.
498 3023 584 3086 Nam
604 3024 786 3104 repperisse
803 3041 876 3084 eum
897 3023 932 3084 in
955 3024 1016 3086 illo
1033 3027 1135 3088 aliam
1154 3028 1271 3088 lectio-

251 3132 342 3186 nem,
375 3127 471 3190 quam
492 3107 675 3192 vulgatam,
709 3103 836 3166 abunde
857 3117 992 3189 apparet
1013 3129 1053 3170 ex
1074 3111 1271 3193 interpreta-

251 3188 549 3270 mentooipnvinoa,
583 3209 660 3272 quo,
675 3189 768 3249 nullo
796 3187 894 3252 modo
915 3199 1045 3272 poterat
1065 3212 1178 3256 vocem
1201 3194 1271 3267 dna-

250 3273 359 3356 πήματ’
389 3275 556 3338 declarare
583 3274 678 3336 velte.
728 3271 802 3334 Jam
822 3275 887 3356 'qui
915 3277 1133 3356 reputaverit,
1172 3299 1271 3358 quam

250 3382 345 3443 saepe
366 3357 573 3445 grammatici
594 3357 693 3419 verba
715 3357 868 3418 avocula
890 3357 959 3429 dnc-
979 3362 1160 3443 composita
1181 3360 1270 3424 idem

251 3443 383 3507 tradant
403 3443 530 3518 valere,
562 3440 649 3522 qaaod
671 3436 802 3516 cadem,
825 3441 855 3502 ai
877 3437 914 3502 ἆ-
933 3443 1152 3523 privativum,
1181 3443 1270 3526 qnod

249 3535 383 3604 vocant,
412 3525 592 3668 plraafixum
612 3523 771 3598 habeant,
803 3526 1079 3588 verisimillimum
1100 3528 1270 3591 nobiscum

250 3611 361 3691 ducet,
382 3629 417 3670 sc
441 3609 577 3670 oliastae
596 3607 808 3685 vocabulum,
838 3607 926 3690 quod
946 3613 1133 3692 quaeritur,
1165 3614 1271 3695 expli.

249 3695 339 3757 canti
358 3711 439 3757 voce
462 3688 612 3771 ἀμηνίτως
639 3691 724 3750 nihil
753 3689 844 3752 aliud
871 3693 991 3754 lectum
1019 3696 1138 3775 fuisse,
1172 3715 1269 3778 qnam

249 3772 409 3858 docpnivn',
440 3795 539 3857 quum
565 3775 759 3855 praesertim
787 3783 901 3837 notum
922 3777 982 3853 sit,
1012 3777 1126 3842 literas
1147 3803 1170 3862 μ
1192 3781 1274 3843 etri

250 3864 367 3926 crebro
395 3863 545 3922 confusas
572 3877 657 3933 esse,
690 3865 723 3918 et
750 3861 849 3920 tertia
869 3858 995 3939 syllaba
1016 3859 1118 3941 -pen',
1151 3865 1180 3925 si
1206 3865 1271 3925 hoc

222 4009 225 4018 ,
249 3946 349 4010 semel
370 3948 494 4006 iactum
515 3948 612 4016 asset,
645 3943 742 4002 facile
763 3963 804 4003 ox
831 3941 891 4002 illo
913 3941 982 4004 -mn’
1004 3948 1090 4008 oriri
1110 3949 1268 4029 potuerit.

248 4029 305 4094 Sic
324 4037 497 4112 postquam
518 4023 576 4088 diu
594 4032 772 4090 statueram
793 4025 987 4134 scholiastae
1008 4029 1166 4110 confisus,
1196 4028 1270 4093 vidi
1389 4085 1390 4092 ,
