2770 4690
1051 337 1148 419 'XLI

101 543 250 620 ¹goram
275 518 358 594 edit.
372 559 421 570 —-
461 517 528 592 llla
551 515 726 612 increpat,
753 515 846 612 quod
872 519 1041 610 clament,
1068 518 1147 594 dor-

124 620 255 718 miant,
301 645 374 694 non
407 617 479 692 cito
505 631 654 718 surgant
678 617 722 692 ad
754 617 1036 713 persequendum
1062 620 1148 696 Ore-

124 735 233 814 stem,
272 718 447 818 aquibus
471 718 562 792 nihil
582 741 740 814 unquam
768 733 1011 814 perpretatum
1037 720 1149 795 luerit

123 838 372 918 praeterquam
405 821 556 894 malum.
583 861 633 870 —
695 817 835 892 Chorus
867 819 979 892 denuo
1006 823 1147 920 clango-

125 950 204 996 rem
230 924 313 996 edit.
340 967 391 979 -
464 920 540 1012 Qua
574 944 615 992 re
650 933 837 1014 postquam
863 922 1148 1017 Clytaemnestra

122 1024 198 1098 fere
223 1025 269 1100 ad
293 1021 578 1119 desperationem
605 1019 730 1094 adacta
757 1035 831 1110 est,
858 1020 977 1094 subito
1004 1022 1148 1096 auditur

123 1124 320 1200 Furiarum
343 1123 471 1219 duplex
497 1136 601 1196 acuta
627 1119 830 1196 mussitatio
857 1137 893 1194 et
913 1121 1063 1196 subinde
1088 1149 1147 1198 co·

121 1226 278 1301 hortatio
312 1226 425 1299 semel
460 1223 504 1298 ad
530 1221 780 1297 attendendum
814 1237 919 1318 atque
945 1223 1078 1320 pluries
1104 1224 1149 1300 ad

122 1326 337 1424 capiendum
368 1349 458 1399 voce
488 1325 563 1418 jam
586 1322 777 1398 articulata
803 1337 837 1395 et
868 1324 1081 1421 explanabili
1105 1325 1148 1398 li-

121 1442 180 1501 cet
222 1453 244 1502 a
279 1423 555 1499 dormientibus.
588 1424 779 1497 etiamtum
819 1423 1148 1522 somniantibusque

119 1530 271 1625 prolata.
325 1527 402 1618 Quo
428 1525 525 1598 facto
550 1524 849 1620 Clytaemnestra,
862 1525 964 1616 quasi
989 1551 1082 1604 novo
1113 1543 1148 1602 et

119 1628 248 1703 animo
282 1641 318 1699 et
341 1651 402 1721 spe
428 1638 606 1712 assumta,
650 1637 838 1718 postquam
861 1625 981 1698 Furiis
1003 1627 1147 1722 objecit,

119 1727 217 1824 quod
233 1751 299 1823 per
311 1723 495 1800 somnium
513 1723 631 1797 feram
647 1739 945 1820 persequerentur
959 1727 1149 1803 latrarent-

118 1853 209 1923 que,
255 1827 299 1902 ad
327 1825 477 1900 modum
502 1824 602 1898 canis
630 1848 759 1896 curam
785 1823 920 1898 laboris
946 1852 1017 1901 non
1042 1829 1148 1903 omit-

118 1928 242 2020 tentis,
265 1941 449 2002 crescente
471 1925 606 1998 sensim
626 1923 809 1997 dictorum
828 1926 866 1999 vi
885 1926 1028 2001 easdem
1047 1955 1147 2004 com·

117 2031 247 2126 pellat,
290 2043 329 2104 ut
358 2039 508 2127 surgant
532 2041 567 2099 et
591 2024 756 2100 Orestem
792 2026 990 2125 exagitent,
1036 2029 1147 2104 donec

119 2129 242 2205 audita
278 2153 406 2203 earum
446 2126 659 2200 excitatione
694 2151 733 2198 se
770 2125 931 2201 invicem
966 2154 986 2201 e
1019 2155 1147 2204 somno

120 2231 426 2320 succutientium,
482 2225 693 2324 priusquam
736 2252 757 2299 e
797 2230 931 2324 templo
971 2229 1148 2326 Apollinis

119 2348 334 2430 erumpant,
377 2343 442 2428 per'
476 2327 608 2428 gradus
633 2327 832 2402 Charonios
865 2329 958 2405 redit
990 2333 1036 2406 ad
1059 2333 1148 2406 infe-

118 2433 256 2527 ros37).
310 2433 361 2525 (A
385 2433 449 2508 vs.
472 2431 523 2505 94
545 2455 580 2501 u.
609 2427 653 2502 ad
675 2431 738 2504 Vs.
763 2430 866 2520 138.)
886 2475 937 2487 —

116 2625 187 2697 ’37)
224 2634 342 2702 Operae
365 2630 470 2699 luerit,
506 2633 542 2685 de
568 2631 689 2700 singulis
716 2631 882 2698 quibusdam
909 2631 1038 2701 partibus
1064 2632 1147 2698 hujus

221 2715 342 2765 scenae,
367 2717 447 2766 quarn
473 2700 509 2754 de
528 2701 667 2755 industria
693 2702 791 2771 paullo
817 2699 991 2769 explicatius
1009 2700 1147 2765 enarravi,

220 2768 383 2824 accuratius
401 2785 547 2836 quaerere.
574 2770 669 2837 igitur
686 2770 811 2840 priorem
823 2769 1065 2891 Clytaemnestrae
1082 2788 1147 2823 ora·

221 2839 326 2896 tionem
349 2839 508 2892 continuam
535 2849 750 2894 consentaneum
776 2848 820 2892 est
843 2839 965 2893 eatiore
988 2857 1058 2893 voce
1082 2845 1148 2920 prot

221 2907 382 2964 nunciatam
401 2924 479 2974 essa,
500 2907 638 2977 imprimis
657 2907 783 2973 initium,
805 2907 854 2962 Vs.
872 2909 936 2975 toa,
955 2909 1055 2974 linerat
1081 2918 1147 2961 rtem

220 2980 358 3041 alteram,
394 2992 510 3044 eamque
537 2977 621 3031 etiam
646 2976 752 3045 magis,
786 2988 866 3031 certe
891 2975 957 3031 inde
980 2993 996 3030 a
1021 2978 1070 3029 Vs.
1089 2979 1146 3030 tas.

220 3044 281 3104 oui
305 3045 449 3112 interjecti
474 3055 539 3099 suat
559 3061 701 3100 sermones
726 3055 860 3113 quattuor
883 3046 994 3100 ebinis
1021 3044 1148 3100 versibus

220 3123 385 3170 constantes
410 3131 463 3185 per
481 3112 588 3182 μυγμὸν
614 3114 696 3169 illum
721 3125 806 3181 atque
827 3110 917 3182 ciypdr
932 3115 1080 3170 Furiarum
1102 3115 1147 3168 in·

221 3182 372 3254 serpellati
396 3183 581 3239 submissiore
599 3201 669 3240 voce
686 3185 864 3253 pronunciari
885 3182 1028 3249 ridentur,
1057 3183 1148 3237 mani-

219 3267 293 3309 mam
319 3262 397 3306 certe
426 3261 549 3322 partem,
588 3269 649 3306 nam
676 3253 712 3306 de
739 3253 885 3308 nonnullis
915 3253 1019 3322 ambigi
1048 3252 1149 3324 possit,

219 3337 303 3392 quam
324 3337 385 3374 nam
403 3321 484 3386 inde,
503 3322 576 3388 quod
595 3338 795 3390 nonnumquam
813 3324 935 3376 secunda
954 3339 1074 3394 persona
1093 3322 1151 3376 uti-

221 3405 271 3449 tur
287 3337 530 3464 Clytaemnestra,
562 3407 617 3444 uon
635 3391 778 3459 sequitur,
809 3407 869 3446 eam
886 3409 940 3446 nou
958 3408 1052 3446 secum
1070 3390 1149 3458 loqui

220 3458 305 3530 quasi
323 3459 552 3529 exspectationis
569 3460 689 3531 plenam.
730 3461 808 3513 llaec
825 3477 893 3514 vero
911 3461 1030 3516 maxime
1047 3476 1151 3515 scenae

220 3545 290 3602 para
312 3527 353 3584 ita
376 3539 533 3600 comparata
557 3538 615 3595 est,
652 3536 682 3581 ut
699 3528 728 3582 ir
746 3544 781 3582 aa
799 3529 902 3584 Furiae
919 3531 1012 3586 oculis
1030 3530 1149 3584 exhibi-

221 3609 270 3654 tae
292 3613 357 3652 esse
377 3615 434 3664 nor
458 3596 604 3669 potuerint
624 3595 682 3651 nisi
706 3611 805 3665 magno
826 3601 962 3669 ponderis
986 3598 1149 3670 dispendio.

222 3667 320 3722 Etiam
337 3676 396 3721 tres
411 3682 509 3722 venus
528 3667 671 3722 trimetros
687 3664 840 3731 iambicos,
858 3669 907 3736 qui
926 3680 1066 3740 postremo
1083 3669 1150 3722 loco

222 3739 368 3804 leguntur,
387 3745 454 3807 post
471 3753 580 3792 scenam
600 3737 736 3790 recitatos
753 3751 941 3805 esseccnseo,
960 3738 1150 3806 interemor,

222 3822 281 3860 nou
297 3817 392 3871 ante,
416 3816 447 3860 ut
463 3805 580 3878 plurimi
597 3806 763 3871 voluerunt,
787 3805 1014 3877 Clytaemnestra
1031 3821 1062 3861 se
1081 3805 1150 3860 snb-

223 3875 345 3929 duxisse
362 3873 512 3942 cogitanda
531 3885 591 3941 est,
626 3873 674 3942 qui
716 3890 732 3927 e
756 3891 837 3941 quam
855 3895 910 3930 non
935 3875 1015 3948 prius
1040 3875 1150 3928 disces·

224 3943 302 3997 sisse
324 3943 468 3999 credibile
493 3944 547 4010 sit,
582 3960 662 4012 quam
678 3891 782 3997 *idries
807 3961 907 3999 revera
932 3944 1151 4018 expergefactae

225 4012 355 4068 sentiret.
392 4012 450 4068 Sed
477 4013 616 4068 mittamus
643 4015 745 4066 haecce
769 4017 825 4080 jam
852 4014 1042 4068 aGenello
1066 4028 1150 4065 sensu

225 4079 290 4135 reri
307 4082 403 4138 nativo
422 4092 570 4155 percepta,
606 4082 705 4154 paucis
724 4080 753 4135 ia
779 4083 914 4138 rationem
933 4095 1065 4137 sonorum
1083 4080 1150 4136 illo·
