2728 4690
278 319 351 398 194

276 495 349 558 dice
369 515 400 576 p.
422 495 461 558 27
483 493 563 552 haec
584 499 714 554 notares
738 491 874 554 »Dieron
987 511 1092 569 musa,
1114 494 1204 558 nach
1226 494 1297 557 dem

276 577 592 659 Zosamnrenhanga,
620 577 816 661 wenigstens
836 596 912 638 unm
963 575 1033 638 hail
1053 595 1112 639 aus
1134 575 1201 640 den
1221 581 1296 642 Die·

276 664 435 724 nerinnen
465 658 524 720 der
549 658 656 719 Pallae
684 657 852 732 bestehen3
889 660 938 720 ob
967 659 1107 720 allein
1141 660 1295 724 darana

275 745 384 807 kann
406 742 519 804 nieht
539 742 613 802 mit
634 739 882 804 Sicherheit
902 741 1178 827 geschlossen
1198 765 1295 812 wer·

275 828 383 889 den«
428 827 476 887 De
496 823 677 886 Fritnschio
699 827 786 885 enim
812 827 847 886 in
867 845 1004 886 censura
1031 843 1062 905 p.
1087 829 1148 890 112
1170 848 1220 910 sq.
1250 833 1295 890 as·

275 913 443 972 firmante:
479 908 631 971 »Wollte
650 928 727 968 man
747 905 801 969 die
822 909 1066 992 ebengenanute
1088 907 1218 974 Schaar
1237 911 1293 990 (sc.

275 995 404 1078 agmina
432 994 644 1066 feminarum,
694 1011 755 1054 uae
777 991 849 1055 Vss.
871 994 932 1056 989
954 1000 987 1053 et
1006 993 1067 1056 981
1097 1013 1295 1058 commemo-

275 1076 405 1155 rantur)
440 1079 496 1136 fiir
526 1012 739 1138 verschieden
773 1092 838 1138 von
871 1073 935 1138 den
970 1074 1200 1139 Dienerinnen
1237 1078 1295 1142 der

274 1159 380 1222 Pallas
401 1159 529 1234 halten,
567 1177 603 1220 so
623 1154 739 1222 wiirde
766 1155 825 1220 der
845 1157 1106 1223 Zosammenhan
1149 1166 1293 1224 zerstdrt

274 1243 410 1310 werden
433 1239 501 1304 und
520 1240 573 1302 die
593 1239 739 1302 Pertikel
758 1237 817 1322 γὰρ
839 1240 896 1304 Vs.
920 1245 980 1306 979
1001 1180 1183 1306 fehlerdaft
1202 1246 1290 1308 seina

274 1363 315 1378 -
347 1337 455 1388 tacere
483 1333 636 1406 praestat.
658 1361 699 1374 --
747 1324 919 1388 Praeterea
946 1326 1092 1388 breviter
1108 1325 1165 1392 de
1196 1349 1292 1395 versu

274 1414 334 1478 981
358 1409 552 1474 monendum
574 1415 630 1470 est.
680 1407 732 1468 Ibi
752 1409 851 1494 vulgo
882 1407 1087 1492 hypostigme
1108 1409 1292 1474 collocatur

275 1503 349 1577 post
370 1491 562 1556 vocabulum
582 1491 714 1566 παίδων,
747 1493 834 1572 quod
854 1489 1002 1571 asyndeti
1028 1512 1130 1576 genus
1159 1498 1292 1558 notissi-

274 1599 362 1641 mum
380 1586 437 1651 cst,
459 1610 499 1622 —
515 1572 648 1638 videsis
663 1573 813 1639 Kuester.
830 1575 940 1638 adnot.
959 1571 1002 1636 ad
1014 1575 1117 1642 Arist.
1129 1575 1212 1642 Bau.
1234 1579 1288 1640 Vs.

156 1692 160 1699 ’
274 1665 349 1734 1573
370 1659 523 1740 Sophocl.
545 1658 621 1720 Ant.
643 1658 699 1720 Vs.
724 1659 821 1734 1079,
845 1655 924 1725 Oed.
946 1657 1015 1721 001.
1037 1657 1097 1722 Vs.
1119 1662 1199 1734 4813
1228 1663 1291 1723 Eu·

273 1750 336 1827 rip.
368 1743 484 1808 Bacch.
512 1739 569 1802 Vs.
592 1743 662 1806 650.
685 1741 824 1817 Manu,
864 1741 995 1806 Aeson·
1012 1741 1103 1808 Pers.
1137 1743 1194 1808 Vs.
1214 1748 1288 1821 396,

272 1831 330 1892 nbi
348 1827 461 1889 eadem
481 1832 557 1888 sunt
576 1826 685 1900 verba,
707 1823 764 1886 sed
785 1823 913 1888 diversa
933 1825 1176 1909 significatione
1194 1827 1291 1890 adhi-

273 1914 361 1986 bita,
391 1911 475 1985 alia,
496 1947 537 1958 -
565 1917 599 1970 et
617 1908 724 1980 παῖδες
746 1909 978 1993 intelliguntur
998 1911 1067 1970 fero
1087 1913 1220 1990 puellae
1242 1915 1290 1974 in-

272 2003 408 2075 nuptae,
429 1993 568 2071 yvroiuse
587 1993 740 2052 mulieres
761 1993 970 2054 matrimonio
990 1993 1136 2070 junctae,
1158 2003 1286 2079 πρεςβυ-

272 2079 351 2148 εἶδες
370 2074 499 2140 vetulae
519 2073 648 2138 viduae.
703 2072 768 2136 Sed
789 2073 865 2138 vide
886 2093 927 2136 ne
948 2075 1027 2136 haec
1048 2077 1287 2158 interpretandi
1338 2121 1339 2160 p

273 2162 359 2222 ratio
381 2156 582 2220 incommodi
601 2153 680 2240 quid
702 2157 833 2230 habeat3
855 2166 943 2220 certe
964 2160 1160 2222 mulieribus
1181 2167 1289 2246 nuptis
1338 2181 1339 2208 ¹

273 2240 437 2324 quomodo
457 2241 587 2308 vetulae
607 2242 729 2321 opponi
753 2243 886 2322 possint
907 2249 1058 2322 tanquam
1078 2241 1205 2308 viduae
1226 2267 1289 2308 non

269 2329 394 2408 liquat,
432 2333 546 2408 utpote
572 2343 674 2407 quae,
709 2343 891 2405 quanquam
919 2327 1142 2405 provectiores
1173 2340 1290 2406 aetate,

269 2410 487 2472 nihilominus
513 2417 621 2472 tamen
651 2409 862 2469 matrimonio
889 2408 1017 2486 junctae
1045 2423 1126 2471 csse'
1145 2417 1291 2492 possint;
1338 2451 1339 2460 κ

269 2494 505 2574 maluerimque
532 2492 805 2573 interpunctionis
832 2493 958 2576 signum
981 2494 1198 2576 postssnaidmo
1233 2499 1291 2560 tol-

270 2580 355 2656 lere,
380 2586 419 2640 ut
433 2576 632 2657 simpliciter
651 2583 943 2638 commemorentur
962 2575 1106 2651 juniores
1128 2589 1164 2640 et
1185 2584 1293 2644 senio

269 2681 340 2733 res3
369 2663 429 2722 cfr.
458 2660 487 2720 si
514 2661 599 2720 tanti
627 2667 691 2732 est,
724 2655 865 2720 Lobeck.
895 2656 1007 2720 adnot.'
1034 2656 1076 2718 ad
1104 2657 1213 2744 Soph.
1245 2667 1292 2743 Aj.

270 2744 326 2804 Vs.
352 2745 454 2821 1199,
486 2742 550 2804 ‚ubi
585 2761 666 2823 quan
705 2749 858 2825 congesta
895 2750 971 2802 sunt
1007 2745 1159 2824 exempla
1198 2751 1296 2812 facili

269 2846 369 2909 opera
389 2826 503 2910 augeri
523 2834 666 2906 possunt.
725 2823 775 2886 De
796 2831 900 2886 aetate
921 2823 1051 2906 quidem
1079 2829 1296 2909 feminarum,

261 2919 352 2991 'quae
373 2907 415 2970 ad
434 2927 584 2991 pompam
606 2909 770 2970 solennem
791 2906 927 2968 Athenis
954 2908 1029 2970 duci
1050 2909 1296 2976 Eumenidibns

195 3063 198 3068 ¹
268 2994 399 3055 solitam
421 2991 638 3074 pertinebant,
661 2989 747 3052 haud
769 3009 869 3074 aeque
883 3000 1129 3073 constat-atque
1151 2995 1196 3060 de
1219 3000 1296 3060 loco

269 3084 302 3138 et
323 3073 531 3151 condicione,
563 3083 670 3157 potest
689 3083 798 3139 tamen
829 3075 939 3134 forsan
960 3095 978 3136 c
999 3075 1108 3137 verbis
1137 3077 1297 3144 Philonis

269 3179 342 3224 cum
363 3160 525 3222 universis
551 3165 622 3218 tum
643 3158 748 3220 hisce:
785 3151 860 3218 tato
881 3156 949 3235 βΙον
970 3155 1165 3232 ἐζηλωκότων
1188 3159 1299 3226 ἀνεπί-

264 3247 379 3316 ληπτον
400 3241 489 3320 (vide
509 3243 617 3302 locum
638 3242 786 3323 superius
807 3260 837 3321 p.
862 3241 921 3305 189
943 3243 1163 3322 exscriptum,
1192 3269 1299 3390 gueni

264 3327 297 3386 si
313 3327 467 3405 primum
487 3345 507 3386 a
528 3324 693 3388 Muellero
722 3326 855 3385 citatum
878 3322 1043 3398 dicebam,
1078 3329 1146 3388 feci
1174 3329 1189 3387 i

266 3410 412 3486 cautius,
447 3410 567 3490 quippe
592 3406 634 3468 ad
661 3407 746 3468 solas
775 3408 980 3486 nuperrimae
1000 3411 1150 3472 virorum
1173 3409 1301 3476 docto·
1338 3431 1339 3452 ³

264 3511 339 3552 rum
361 3493 396 3551 in
417 3489 609 3554 Eumenidas
631 3510 725 3552 curas
754 3490 962 3570 respiciens,)
991 3489 1165 3570 concludi,
1197 3495 1301 3558 adul.

264 3582 315 3636 tas
335 3575 538 3654 potissimum
561 3571 788 3658 intelligendas
809 3591 895 3644 esse3
917 3583 1013 3654 atqua
1033 3573 1131 3638 idem.
1145 3571 1189 3641 de
1214 3602 1302 3642 sexu

263 3657 358 3718 virili
389 3656 593 3720 statuendum
614 3655 755 3720 videtur.
820 3653 934 3736 Neque
961 3658 1168 3736 putaverim,
1215 3662 1302 3726 huic

262 3740 513 3804 ratiocinationi
540 3740 670 3803 obstare
697 3737 783 3820 quod
808 3757 907 3819 supra
933 3737 1095 3815 vidimus,
1122 3741 1303 3828 Ersepho-
1338 3811 1339 3826 χ

259 3843 317 3888 nos
338 3843 477 3905 pompae
497 3825 700 3898 interfuisse,
717 3837 804 3904 xquae
823 3841 900 3884 sane
920 3824 982 3904 vix,
997 3833 1137 3903 possunt
1158 3826 1304 3892 adulta·
1338 3841 1339 3852 ¹

259 3926 334 3982 Arum
357 3909 393 3968 in
414 3925 549 3969 numero
570 3906 694 3967 haberi.
717 3939 757 3951 -
873 3977 876 3982 Ι

344 3989 518 4075 Pergamus
545 3991 609 4069 jam
637 3991 673 4050 in
701 3991 742 4050 iis
764 3986 989 4066 recensendis,
1018 4003 1102 4069 quae
1124 3997 1308 4078 suspicio·

1249 3353 1301 3392 m-
