<?xml version="1.0" encoding="UTF-8"?>
<!DOCTYPE html PUBLIC "-//W3C//DTD XHTML 1.0 Transitional//EN"
    "http://www.w3.org/TR/xhtml1/DTD/xhtml1-transitional.dtd">
<html xmlns="http://www.w3.org/1999/xhtml" xml:lang="en" lang="en">
 <head>
  <title>
</title>
<meta http-equiv="Content-Type" content="text/html;charset=utf-8" />
  <meta name='ocr-system' content='tesseract 3.04.00' />
  <meta name='ocr-capabilities' content='ocr_page ocr_carea ocr_par ocr_line ocrx_word'/>
</head>
<body>
  <div class='ocr_page' id='page_1' title='image "./conjectaneainae00wiesgoog_0085.png"; bbox 0 0 2794 4692; ppageno 0'>
   <div class='ocr_carea' id='block_1_1' title="bbox 229 296 366 404">
    <p class='ocr_par' dir='ltr' id='par_1_1' title="bbox 229 296 366 404">
     <span class='ocr_line' id='line_1_1' title="bbox 229 296 366 404; baseline -0.015 0"><span class='ocrx_word' id='word_1_1' title='bbox 229 296 366 404; x_wconf 74' lang='lat' dir='ltr'><strong>nxxri</strong></span> 
     </span>
    </p>
   </div>
   <div class='ocr_carea' id='block_1_2' title="bbox 226 499 1263 600">
    <p class='ocr_par' dir='ltr' id='par_1_2' title="bbox 226 499 1263 600">
     <span class='ocr_line' id='line_1_2' title="bbox 226 499 1263 600; baseline -0.002 -24"><span class='ocrx_word' id='word_1_2' title='bbox 226 499 325 600; x_wconf 88' lang='lat' dir='ltr'><strong>pedis</strong></span> <span class='ocrx_word' id='word_1_3' title='bbox 368 500 525 600; x_wconf 85' lang='lat' dir='ltr'><strong>pondus,</strong></span> <span class='ocrx_word' id='word_1_4' title='bbox 570 525 660 598; x_wconf 86' lang='lat' dir='ltr'><strong>quae</strong></span> <span class='ocrx_word' id='word_1_5' title='bbox 696 525 776 592; x_wconf 88' lang='lat' dir='ltr'><strong>res,</strong></span> <span class='ocrx_word' id='word_1_6' title='bbox 822 523 933 596; x_wconf 89' lang='lat' dir='ltr'><strong>quum</strong></span> <span class='ocrx_word' id='word_1_7' title='bbox 970 523 1082 574; x_wconf 84' lang='lat' dir='ltr'><strong>crura</strong></span> <span class='ocrx_word' id='word_1_8' title='bbox 1121 521 1263 590; x_wconf 86' lang='lat' dir='ltr'><strong>eorum,</strong></span> 
     </span>
    </p>
   </div>
   <div class='ocr_carea' id='block_1_3' title="bbox 265 751 1265 904">
    <p class='ocr_par' dir='ltr' id='par_1_3' title="bbox 265 751 1265 904">
     <span class='ocr_line' id='line_1_3' title="bbox 265 751 1264 834; baseline -0.001 -26"><span class='ocrx_word' id='word_1_9' title='bbox 265 755 273 762; x_wconf 87' lang='lat'><strong><em>‘</em></strong></span> <span class='ocrx_word' id='word_1_10' title='bbox 328 754 383 808; x_wconf 87' lang='lat' dir='ltr'><strong>mis</strong></span> <span class='ocrx_word' id='word_1_11' title='bbox 408 754 443 808; x_wconf 88' lang='lat' dir='ltr'><strong>ad</strong></span> <span class='ocrx_word' id='word_1_12' title='bbox 468 755 637 812; x_wconf 85' lang='lat' dir='ltr'><strong>vocabulum</strong></span> <span class='ocrx_word' id='word_1_13' title='bbox 654 751 767 825; x_wconf 71' lang='grc' dir='ltr'><strong>εἱλόμαν</strong></span> <span class='ocrx_word' id='word_1_14' title='bbox 788 753 920 834; x_wconf 89' lang='lat' dir='ltr'><strong>apposita</strong></span> <span class='ocrx_word' id='word_1_15' title='bbox 945 751 1114 820; x_wconf 68' lang='lat' dir='ltr'><strong>cogitandae</strong></span> <span class='ocrx_word' id='word_1_16' title='bbox 1151 763 1183 809; x_wconf 86' lang='lat' dir='ltr'><strong>ut</strong></span> <span class='ocrx_word' id='word_1_17' title='bbox 1207 756 1264 808; x_wconf 87' lang='lat' dir='ltr'><strong>hoc</strong></span> 
     </span>
     <span class='ocr_line' id='line_1_4' title="bbox 330 820 1265 904; baseline 0 -28"><span class='ocrx_word' id='word_1_18' title='bbox 330 837 462 892; x_wconf 89' lang='lat' dir='ltr'><strong>respectu</strong></span> <span class='ocrx_word' id='word_1_19' title='bbox 481 827 578 882; x_wconf 87' lang='lat' dir='ltr'><strong>eadem</strong></span> <span class='ocrx_word' id='word_1_20' title='bbox 603 835 711 880; x_wconf 86' lang='lat' dir='ltr'><strong>maneat</strong></span> <span class='ocrx_word' id='word_1_21' title='bbox 736 824 885 896; x_wconf 82' lang='lat' dir='ltr'><strong>participii</strong></span> <span class='ocrx_word' id='word_1_22' title='bbox 911 820 1001 876; x_wconf 78' lang='grc' dir='ltr'><strong><em>σπευδ.</em></strong></span> <span class='ocrx_word' id='word_1_23' title='bbox 1020 822 1152 877; x_wconf 88' lang='lat' dir='ltr'><strong>condicio</strong></span> <span class='ocrx_word' id='word_1_24' title='bbox 1177 833 1265 904; x_wconf 88' lang='lat' dir='ltr'><strong>atque</strong></span> 
     </span>
    </p>
   </div>
   <div class='ocr_carea' id='block_1_4' title="bbox 224 891 1264 4131">
    <p class='ocr_par' dir='ltr' id='par_1_4' title="bbox 224 891 1264 4131">
     <span class='ocr_line' id='line_1_5' title="bbox 330 891 1264 961; baseline -0.003 -13"><span class='ocrx_word' id='word_1_25' title='bbox 330 903 401 958; x_wconf 88' lang='lat' dir='ltr'><strong>tum,</strong></span> <span class='ocrx_word' id='word_1_26' title='bbox 435 910 517 961; x_wconf 89' lang='lat' dir='ltr'><strong>quum</strong></span> <span class='ocrx_word' id='word_1_27' title='bbox 536 913 573 950; x_wconf 86' lang='lat' dir='ltr'><strong>ex</strong></span> <span class='ocrx_word' id='word_1_28' title='bbox 592 893 789 949; x_wconf 85' lang='lat' dir='ltr'><strong>Hermanni</strong></span> <span class='ocrx_word' id='word_1_29' title='bbox 815 893 958 948; x_wconf 85' lang='lat' dir='ltr'><strong>sententia</strong></span> <span class='ocrx_word' id='word_1_30' title='bbox 981 891 1088 945; x_wconf 90' lang='lat' dir='ltr'><strong>arctius</strong></span> <span class='ocrx_word' id='word_1_31' title='bbox 1115 908 1176 945; x_wconf 87' lang='lat' dir='ltr'><strong>cum</strong></span> <span class='ocrx_word' id='word_1_32' title='bbox 1201 909 1264 946; x_wconf 84' lang='lat' dir='ltr'><strong>stn-</strong></span> 
     </span>
     <span class='ocr_line' id='line_1_6' title="bbox 329 961 1264 1033; baseline -0.002 -17"><span class='ocrx_word' id='word_1_33' title='bbox 329 961 425 1031; x_wconf 83' lang='lat' dir='ltr'><strong>gulari</strong></span> <span class='ocrx_word' id='word_1_34' title='bbox 443 969 586 1032; x_wconf 76' lang='lat' dir='ltr'><strong>actaptpu</strong></span> <span class='ocrx_word' id='word_1_35' title='bbox 603 963 793 1033; x_wconf 84' lang='lat' dir='ltr'><strong>conjungitur.</strong></span> <span class='ocrx_word' id='word_1_36' title='bbox 820 961 878 1016; x_wconf 86' lang='lat' dir='ltr'><strong>Sed</strong></span> <span class='ocrx_word' id='word_1_37' title='bbox 897 973 967 1030; x_wconf 85' lang='lat' dir='ltr'><strong>opus</strong></span> <span class='ocrx_word' id='word_1_38' title='bbox 986 969 1037 1029; x_wconf 89' lang='lat' dir='ltr'><strong>est,</strong></span> <span class='ocrx_word' id='word_1_39' title='bbox 1057 973 1086 1015; x_wconf 88' lang='lat' dir='ltr'><strong>et</strong></span> <span class='ocrx_word' id='word_1_40' title='bbox 1104 962 1175 1014; x_wconf 87' lang='lat' dir='ltr'><strong>hanc</strong></span> <span class='ocrx_word' id='word_1_41' title='bbox 1192 977 1264 1014; x_wconf 87' lang='lat' dir='ltr'><strong>con-</strong></span> 
     </span>
     <span class='ocr_line' id='line_1_7' title="bbox 329 1029 1263 1103; baseline -0.001 -20"><span class='ocrx_word' id='word_1_42' title='bbox 329 1030 457 1085; x_wconf 86' lang='lat' dir='ltr'><strong>struendi</strong></span> <span class='ocrx_word' id='word_1_43' title='bbox 492 1035 645 1100; x_wconf 88' lang='lat' dir='ltr'><strong>rationem,</strong></span> <span class='ocrx_word' id='word_1_44' title='bbox 688 1049 742 1099; x_wconf 92' lang='lat' dir='ltr'><strong>qua</strong></span> <span class='ocrx_word' id='word_1_45' title='bbox 770 1033 889 1103; x_wconf 79' lang='lat' dir='ltr'><strong>probata</strong></span> <span class='ocrx_word' id='word_1_46' title='bbox 920 1031 1022 1085; x_wconf 88' lang='lat' dir='ltr'><strong>iterum</strong></span> <span class='ocrx_word' id='word_1_47' title='bbox 1047 1029 1181 1100; x_wconf 83' lang='lat' dir='ltr'><strong>a-primo</strong></span> <span class='ocrx_word' id='word_1_48' title='bbox 1205 1029 1263 1082; x_wconf 89' lang='lat' dir='ltr'><strong>illo</strong></span> 
     </span>
     <span class='ocr_line' id='line_1_8' title="bbox 327 1099 1263 1174; baseline -0.002 -20"><span class='ocrx_word' id='word_1_49' title='bbox 327 1101 523 1156; x_wconf 86' lang='lat' dir='ltr'><strong>Hermanni</strong></span> <span class='ocrx_word' id='word_1_50' title='bbox 553 1104 660 1174; x_wconf 86' lang='lat' dir='ltr'><strong>placito</strong></span> <span class='ocrx_word' id='word_1_51' title='bbox 688 1101 875 1166; x_wconf 83' lang='lat' dir='ltr'>discedimus,</span> <span class='ocrx_word' id='word_1_52' title='bbox 913 1110 942 1154; x_wconf 92' lang='lat' dir='ltr'><strong>et</strong></span> <span class='ocrx_word' id='word_1_53' title='bbox 968 1110 1051 1153; x_wconf 90' lang='lat' dir='ltr'><strong>totam</strong></span> <span class='ocrx_word' id='word_1_54' title='bbox 1077 1111 1200 1155; x_wconf 90' lang='lat' dir='ltr'><strong>nostram</strong></span> <span class='ocrx_word' id='word_1_55' title='bbox 1225 1099 1263 1152; x_wconf 92' lang='lat' dir='ltr'><strong>de</strong></span> 
     </span>
     <span class='ocr_line' id='line_1_9' title="bbox 330 1167 1263 1233; baseline 0 -11"><span class='ocrx_word' id='word_1_56' title='bbox 330 1169 457 1223; x_wconf 89' lang='lat' dir='ltr'><strong>universi</strong></span> <span class='ocrx_word' id='word_1_57' title='bbox 486 1171 544 1224; x_wconf 89' lang='lat' dir='ltr'><strong>loci</strong></span> <span class='ocrx_word' id='word_1_58' title='bbox 570 1173 680 1225; x_wconf 89' lang='lat' dir='ltr'><strong>ratione</strong></span> <span class='ocrx_word' id='word_1_59' title='bbox 703 1188 735 1224; x_wconf 88' lang='lat' dir='ltr'><strong>ac</strong></span> <span class='ocrx_word' id='word_1_60' title='bbox 763 1167 903 1224; x_wconf 84' lang='lat' dir='ltr'><strong>sententia</strong></span> <span class='ocrx_word' id='word_1_61' title='bbox 927 1171 1118 1233; x_wconf 85' lang='lat' dir='ltr'><strong>conjecturam</strong></span> <span class='ocrx_word' id='word_1_62' title='bbox 1142 1183 1263 1222; x_wconf 81' lang='lat' dir='ltr'><strong>accura-</strong></span> 
     </span>
     <span class='ocr_line' id='line_1_10' title="bbox 328 1236 1263 1308; baseline -0.003 -14"><span class='ocrx_word' id='word_1_63' title='bbox 328 1239 387 1294; x_wconf 92' lang='lat' dir='ltr'><strong>tius</strong></span> <span class='ocrx_word' id='word_1_64' title='bbox 406 1256 552 1308; x_wconf 83' lang='lat' dir='ltr'>exponere</span> <span class='ocrx_word' id='word_1_65' title='bbox 572 1252 655 1307; x_wconf 90' lang='lat' dir='ltr'><strong>atque</strong></span> <span class='ocrx_word' id='word_1_66' title='bbox 673 1239 782 1293; x_wconf 88' lang='lat' dir='ltr'><strong>firmius</strong></span> <span class='ocrx_word' id='word_1_67' title='bbox 801 1237 943 1293; x_wconf 87' lang='lat' dir='ltr'><strong>stabilire.</strong></span> <span class='ocrx_word' id='word_1_68' title='bbox 977 1237 1017 1292; x_wconf 87' lang='lat' dir='ltr'><strong>Et</strong></span> <span class='ocrx_word' id='word_1_69' title='bbox 1035 1236 1177 1292; x_wconf 82' lang='lat' dir='ltr'><strong>indicatur</strong></span> <span class='ocrx_word' id='word_1_70' title='bbox 1194 1237 1263 1304; x_wconf 90' lang='lat' dir='ltr'><strong>qui-</strong></span> 
     </span>
     <span class='ocr_line' id='line_1_11' title="bbox 329 1306 1261 1377; baseline -0.001 -17"><span class='ocrx_word' id='word_1_71' title='bbox 329 1310 392 1361; x_wconf 87' lang='lat' dir='ltr'><strong>dem</strong></span> <span class='ocrx_word' id='word_1_72' title='bbox 414 1309 554 1376; x_wconf 85' lang='lat' dir='ltr'><strong>ejusmodi</strong></span> <span class='ocrx_word' id='word_1_73' title='bbox 580 1308 722 1364; x_wconf 84' lang='lat' dir='ltr'><strong>sententia</strong></span> <span class='ocrx_word' id='word_1_74' title='bbox 739 1325 755 1362; x_wconf 86' lang='lat' dir='ltr'><strong>a</strong></span> <span class='ocrx_word' id='word_1_75' title='bbox 773 1308 944 1375; x_wconf 74' lang='lat' dir='ltr'><strong>scholiasta,</strong></span> <span class='ocrx_word' id='word_1_76' title='bbox 977 1310 1059 1375; x_wconf 87' lang='lat' dir='ltr'><strong>cujus</strong></span> <span class='ocrx_word' id='word_1_77' title='bbox 1085 1306 1261 1377; x_wconf 81' lang='lat' dir='ltr'><strong>explicatio·</strong></span> 
     </span>
     <span class='ocr_line' id='line_1_12' title="bbox 327 1374 1260 1446; baseline -0.003 -15"><span class='ocrx_word' id='word_1_78' title='bbox 327 1393 390 1431; x_wconf 85' lang='lat' dir='ltr'><strong>nem</strong></span> <span class='ocrx_word' id='word_1_79' title='bbox 414 1376 506 1431; x_wconf 89' lang='lat' dir='ltr'><strong>secuti</strong></span> <span class='ocrx_word' id='word_1_80' title='bbox 533 1378 562 1432; x_wconf 93' lang='lat' dir='ltr'><strong>in</strong></span> <span class='ocrx_word' id='word_1_81' title='bbox 581 1381 697 1433; x_wconf 83' lang='lat' dir='ltr'><strong>Adnott.</strong></span> <span class='ocrx_word' id='word_1_82' title='bbox 716 1379 737 1430; x_wconf 93' lang='lat'><strong>1.</strong></span> <span class='ocrx_word' id='word_1_83' title='bbox 756 1395 779 1431; x_wconf 90' lang='lat' dir='ltr'><strong>c.</strong></span> <span class='ocrx_word' id='word_1_84' title='bbox 800 1386 858 1431; x_wconf 88' lang='lat' dir='ltr'><strong>tres</strong></span> <span class='ocrx_word' id='word_1_85' title='bbox 884 1377 992 1446; x_wconf 90' lang='lat' dir='ltr'><strong>primos</strong></span> <span class='ocrx_word' id='word_1_86' title='bbox 1016 1378 1100 1442; x_wconf 86' lang='lat' dir='ltr'><strong>hujus</strong></span> <span class='ocrx_word' id='word_1_87' title='bbox 1123 1374 1260 1429; x_wconf 80' lang='lat' dir='ltr'><strong>antistro-</strong></span> 
     </span>
     <span class='ocr_line' id='line_1_13' title="bbox 328 1445 1262 1518; baseline -0.002 -18"><span class='ocrx_word' id='word_1_88' title='bbox 328 1447 403 1518; x_wconf 87' lang='lat' dir='ltr'><strong>phae</strong></span> <span class='ocrx_word' id='word_1_89' title='bbox 421 1463 520 1501; x_wconf 90' lang='lat' dir='ltr'><strong>versus</strong></span> <span class='ocrx_word' id='word_1_90' title='bbox 539 1449 689 1502; x_wconf 87' lang='lat' dir='ltr'><strong>emendare</strong></span> <span class='ocrx_word' id='word_1_91' title='bbox 706 1446 799 1502; x_wconf 86' lang='lat' dir='ltr'><strong>conati</strong></span> <span class='ocrx_word' id='word_1_92' title='bbox 818 1461 929 1513; x_wconf 88' lang='lat' dir='ltr'><strong>sumus,</strong></span> <span class='ocrx_word' id='word_1_93' title='bbox 959 1445 1104 1512; x_wconf 81' lang='lat' dir='ltr'><strong>flagitatur</strong></span> <span class='ocrx_word' id='word_1_94' title='bbox 1121 1458 1213 1500; x_wconf 89' lang='lat' dir='ltr'><strong>autem</strong></span> <span class='ocrx_word' id='word_1_95' title='bbox 1230 1455 1262 1498; x_wconf 90' lang='lat' dir='ltr'><strong>et</strong></span> 
     </span>
     <span class='ocr_line' id='line_1_14' title="bbox 330 1515 1261 1584; baseline -0.002 -15"><span class='ocrx_word' id='word_1_96' title='bbox 330 1519 401 1569; x_wconf 82' lang='lat' dir='ltr'><strong>haec</strong></span> <span class='ocrx_word' id='word_1_97' title='bbox 420 1527 448 1571; x_wconf 85' lang='lat' dir='ltr'><strong>et</strong></span> <span class='ocrx_word' id='word_1_98' title='bbox 467 1515 550 1584; x_wconf 86' lang='lat' dir='ltr'><strong>simul</strong></span> <span class='ocrx_word' id='word_1_99' title='bbox 570 1533 603 1570; x_wconf 88' lang='lat' dir='ltr'><strong>ea</strong></span> <span class='ocrx_word' id='word_1_100' title='bbox 620 1519 786 1582; x_wconf 89' lang='lat' dir='ltr'><strong>verborum,</strong></span> <span class='ocrx_word' id='word_1_101' title='bbox 810 1517 915 1582; x_wconf 90' lang='lat' dir='ltr'><strong>quibus</strong></span> <span class='ocrx_word' id='word_1_102' title='bbox 933 1515 1109 1582; x_wconf 72' lang='lat' dir='ltr'><strong>continetur,</strong></span> <span class='ocrx_word' id='word_1_103' title='bbox 1134 1526 1261 1568; x_wconf 88' lang='lat' dir='ltr'><strong>structu·</strong></span> 
     </span>
     <span class='ocr_line' id='line_1_15' title="bbox 329 1581 1260 1654; baseline -0.003 -16"><span class='ocrx_word' id='word_1_104' title='bbox 329 1600 377 1650; x_wconf 89' lang='lat' dir='ltr'><strong>ra,</strong></span> <span class='ocrx_word' id='word_1_105' title='bbox 408 1586 589 1653; x_wconf 79' lang='lat' dir='ltr'><strong>quommodo</strong></span> <span class='ocrx_word' id='word_1_106' title='bbox 608 1585 845 1654; x_wconf 82' lang='lat' dir='ltr'><strong>significavimus,</strong></span> <span class='ocrx_word' id='word_1_107' title='bbox 877 1585 913 1638; x_wconf 90' lang='lat' dir='ltr'><strong>ab</strong></span> <span class='ocrx_word' id='word_1_108' title='bbox 932 1586 1065 1651; x_wconf 91' lang='lat' dir='ltr'><strong>eoloco,</strong></span> <span class='ocrx_word' id='word_1_109' title='bbox 1097 1600 1179 1651; x_wconf 89' lang='lat' dir='ltr'><strong>quem</strong></span> <span class='ocrx_word' id='word_1_110' title='bbox 1198 1581 1260 1636; x_wconf 91' lang='lat' dir='ltr'><strong>ibi·</strong></span> 
     </span>
     <span class='ocr_line' id='line_1_16' title="bbox 326 1653 1259 1722; baseline -0.002 -14"><span class='ocrx_word' id='word_1_111' title='bbox 326 1654 391 1708; x_wconf 90' lang='lat' dir='ltr'><strong>dem</strong></span> <span class='ocrx_word' id='word_1_112' title='bbox 419 1655 579 1712; x_wconf 82' lang='lat' dir='ltr'><strong>citavimus.</strong></span> <span class='ocrx_word' id='word_1_113' title='bbox 624 1655 669 1709; x_wconf 86' lang='lat' dir='ltr'><strong>lbi</strong></span> <span class='ocrx_word' id='word_1_114' title='bbox 697 1655 770 1709; x_wconf 91' lang='lat' dir='ltr'><strong>enim</strong></span> <span class='ocrx_word' id='word_1_115' title='bbox 796 1669 879 1722; x_wconf 89' lang='lat' dir='ltr'><strong>quum</strong></span> <span class='ocrx_word' id='word_1_116' title='bbox 902 1653 1009 1708; x_wconf 79' lang='lat' dir='ltr'><strong>Furiae</strong></span> <span class='ocrx_word' id='word_1_117' title='bbox 1034 1654 1141 1708; x_wconf 84' lang='lat' dir='ltr'><strong>dicant:</strong></span> <span class='ocrx_word' id='word_1_118' title='bbox 1176 1667 1259 1706; x_wconf 87' lang='lat' dir='ltr'><strong>con·</strong></span> 
     </span>
     <span class='ocr_line' id='line_1_17' title="bbox 322 1722 1258 1792; baseline 0 -16"><span class='ocrx_word' id='word_1_119' title='bbox 322 1722 1258 1792; x_wconf 79' lang='lat' dir='ltr'><strong>sentaneumesse,utomneshominesipsarumtmu-</strong></span> 
     </span>
     <span class='ocr_line' id='line_1_18' title="bbox 323 1791 1253 1862; baseline -0.001 -17"><span class='ocrx_word' id='word_1_120' title='bbox 323 1807 387 1845; x_wconf 88' lang='lat' dir='ltr'><strong>nus</strong></span> <span class='ocrx_word' id='word_1_121' title='bbox 407 1805 646 1848; x_wconf 88' lang='lat' dir='ltr'><strong>revereantur</strong></span> <span class='ocrx_word' id='word_1_122' title='bbox 662 1805 765 1862; x_wconf 89' lang='lat' dir='ltr'><strong>atque</strong></span> <span class='ocrx_word' id='word_1_123' title='bbox 783 1801 955 1856; x_wconf 88' lang='lat' dir='ltr'><strong>metuant,</strong></span> <span class='ocrx_word' id='word_1_124' title='bbox 979 1807 1077 1859; x_wconf 90' lang='lat' dir='ltr'><strong>quum</strong></span> <span class='ocrx_word' id='word_1_125' title='bbox 1098 1791 1253 1861; x_wconf 86' lang='lat' dir='ltr'><strong>ipsarum</strong></span> 
     </span>
     <span class='ocr_line' id='line_1_19' title="bbox 324 1861 1258 1927; baseline -0.001 -13"><span class='ocrx_word' id='word_1_126' title='bbox 324 1863 442 1927; x_wconf 80' lang='lat' dir='ltr'><strong>legem</strong></span> <span class='ocrx_word' id='word_1_127' title='bbox 460 1879 477 1914; x_wconf 85' lang='lat' dir='ltr'><strong>a</strong></span> <span class='ocrx_word' id='word_1_128' title='bbox 495 1863 623 1917; x_wconf 87' lang='lat' dir='ltr'><strong>Parcis</strong></span> <span class='ocrx_word' id='word_1_129' title='bbox 642 1862 742 1915; x_wconf 91' lang='lat' dir='ltr'><strong>illam</strong></span> <span class='ocrx_word' id='word_1_130' title='bbox 760 1862 994 1917; x_wconf 86' lang='lat' dir='ltr'><strong>constitutam</strong></span> <span class='ocrx_word' id='word_1_131' title='bbox 1012 1875 1029 1914; x_wconf 84' lang='lat' dir='ltr'><strong>a</strong></span> <span class='ocrx_word' id='word_1_132' title='bbox 1048 1861 1123 1914; x_wconf 79' lang='lat' dir='ltr'><strong>dt&#39;t&#39;a</strong></span> <span class='ocrx_word' id='word_1_133' title='bbox 1140 1867 1258 1914; x_wconf 76' lang='lat' dir='ltr'><strong>ratum</strong></span> 
     </span>
     <span class='ocr_line' id='line_1_20' title="bbox 322 1929 1256 1995; baseline 0.001 -15"><span class='ocrx_word' id='word_1_134' title='bbox 322 1931 459 1994; x_wconf 70' lang='lat' dir='ltr'><strong>factam</strong></span> <span class='ocrx_word' id='word_1_135' title='bbox 483 1947 562 1983; x_wconf 81' lang='lat' dir='ltr'><strong>eree</strong></span> <span class='ocrx_word' id='word_1_136' title='bbox 586 1930 752 1995; x_wconf 86' lang='lat' dir='ltr'><strong>audiant,</strong></span> <span class='ocrx_word' id='word_1_137' title='bbox 771 1963 804 1974; x_wconf 97' lang='lat'>-</span> <span class='ocrx_word' id='word_1_138' title='bbox 839 1931 935 1983; x_wconf 83' lang='lat' dir='ltr'><strong>nullus</strong></span> <span class='ocrx_word' id='word_1_139' title='bbox 960 1938 1049 1983; x_wconf 85' lang='lat' dir='ltr'><strong>tamen</strong></span> <span class='ocrx_word' id='word_1_140' title='bbox 1068 1929 1097 1983; x_wconf 91' lang='lat' dir='ltr'><strong>in</strong></span> <span class='ocrx_word' id='word_1_141' title='bbox 1121 1937 1182 1984; x_wconf 92' lang='lat' dir='ltr'><strong>toto</strong></span> <span class='ocrx_word' id='word_1_142' title='bbox 1200 1929 1256 1982; x_wconf 86' lang='lat' dir='ltr'><strong>hoe</strong></span> 
     </span>
     <span class='ocr_line' id='line_1_21' title="bbox 322 1995 1255 2071; baseline 0 -21"><span class='ocrx_word' id='word_1_143' title='bbox 322 1997 447 2051; x_wconf 81' lang='lat' dir='ltr'><strong>carmine</strong></span> <span class='ocrx_word' id='word_1_144' title='bbox 471 1999 552 2052; x_wconf 89' lang='lat' dir='ltr'><strong>locus</strong></span> <span class='ocrx_word' id='word_1_145' title='bbox 578 2000 668 2063; x_wconf 90' lang='lat' dir='ltr'><strong>inest,</strong></span> <span class='ocrx_word' id='word_1_146' title='bbox 703 2016 759 2067; x_wconf 90' lang='lat' dir='ltr'><strong>qno</strong></span> <span class='ocrx_word' id='word_1_147' title='bbox 785 2001 838 2052; x_wconf 87' lang='lat' dir='ltr'><strong>hoc</strong></span> <span class='ocrx_word' id='word_1_148' title='bbox 860 1997 1004 2071; x_wconf 84' lang='lat' dir='ltr'><strong>posterius</strong></span> <span class='ocrx_word' id='word_1_149' title='bbox 1023 2000 1163 2066; x_wconf 87' lang='lat' dir='ltr'><strong>tradatur,</strong></span> <span class='ocrx_word' id='word_1_150' title='bbox 1195 1995 1255 2052; x_wconf 89' lang='lat' dir='ltr'><strong>nisi</strong></span> 
     </span>
     <span class='ocr_line' id='line_1_22' title="bbox 323 2066 1255 2137; baseline 0.002 -19"><span class='ocrx_word' id='word_1_151' title='bbox 323 2066 372 2119; x_wconf 92' lang='lat' dir='ltr'><strong>hic</strong></span> <span class='ocrx_word' id='word_1_152' title='bbox 392 2066 471 2135; x_wconf 89' lang='lat' dir='ltr'><strong>ipse,</strong></span> <span class='ocrx_word' id='word_1_153' title='bbox 506 2084 587 2136; x_wconf 89' lang='lat' dir='ltr'><strong>quem</strong></span> <span class='ocrx_word' id='word_1_154' title='bbox 610 2085 684 2122; x_wconf 88' lang='lat' dir='ltr'><strong>nunc</strong></span> <span class='ocrx_word' id='word_1_155' title='bbox 709 2079 873 2133; x_wconf 81' lang='lat' dir='ltr'><strong>tractamus,</strong></span> <span class='ocrx_word' id='word_1_156' title='bbox 908 2067 995 2123; x_wconf 87' lang='lat' dir='ltr'><strong>etita</strong></span> <span class='ocrx_word' id='word_1_157' title='bbox 1013 2067 1124 2135; x_wconf 86' lang='lat' dir='ltr'><strong>quidem</strong></span> <span class='ocrx_word' id='word_1_158' title='bbox 1143 2079 1171 2124; x_wconf 88' lang='lat' dir='ltr'><strong>et</strong></span> <span class='ocrx_word' id='word_1_159' title='bbox 1190 2066 1255 2137; x_wconf 87' lang='lat' dir='ltr'><strong>ipse</strong></span> 
     </span>
     <span class='ocr_line' id='line_1_23' title="bbox 323 2136 1255 2208; baseline 0.002 -20"><span class='ocrx_word' id='word_1_160' title='bbox 323 2136 487 2189; x_wconf 88' lang='lat' dir='ltr'><strong>emendatus</strong></span> <span class='ocrx_word' id='word_1_161' title='bbox 505 2147 590 2205; x_wconf 88' lang='lat' dir='ltr'><strong>atque</strong></span> <span class='ocrx_word' id='word_1_162' title='bbox 609 2137 786 2208; x_wconf 86' lang='lat' dir='ltr'><strong>explicatus,</strong></span> <span class='ocrx_word' id='word_1_163' title='bbox 809 2149 838 2192; x_wconf 91' lang='lat' dir='ltr'><strong>et</strong></span> <span class='ocrx_word' id='word_1_164' title='bbox 857 2153 916 2190; x_wconf 90' lang='lat' dir='ltr'><strong>cum</strong></span> <span class='ocrx_word' id='word_1_165' title='bbox 936 2138 1172 2208; x_wconf 78' lang='lat' dir='ltr'><strong>praecedentibus</strong></span> <span class='ocrx_word' id='word_1_166' title='bbox 1188 2139 1255 2203; x_wconf 89' lang='lat' dir='ltr'><strong>jun·</strong></span> 
     </span>
     <span class='ocr_line' id='line_1_24' title="bbox 322 2206 1256 2268; baseline 0.002 -11"><span class='ocrx_word' id='word_1_167' title='bbox 322 2214 401 2268; x_wconf 86' lang='lat' dir='ltr'><strong>ctus,</strong></span> <span class='ocrx_word' id='word_1_168' title='bbox 434 2215 463 2258; x_wconf 92' lang='lat' dir='ltr'><strong>ut</strong></span> <span class='ocrx_word' id='word_1_169' title='bbox 482 2221 533 2259; x_wconf 90' lang='lat' dir='ltr'><strong>nos</strong></span> <span class='ocrx_word' id='word_1_170' title='bbox 553 2207 688 2261; x_wconf 86' lang='lat' dir='ltr'><strong>volumus.</strong></span> <span class='ocrx_word' id='word_1_171' title='bbox 731 2209 791 2260; x_wconf 84' lang='lat' dir='ltr'><strong>llac</strong></span> <span class='ocrx_word' id='word_1_172' title='bbox 810 2206 885 2260; x_wconf 88' lang='lat' dir='ltr'><strong>enim</strong></span> <span class='ocrx_word' id='word_1_173' title='bbox 903 2206 1012 2259; x_wconf 90' lang='lat' dir='ltr'><strong>demum</strong></span> <span class='ocrx_word' id='word_1_174' title='bbox 1029 2217 1171 2262; x_wconf 88' lang='lat' dir='ltr'><strong>structura</strong></span> <span class='ocrx_word' id='word_1_175' title='bbox 1188 2223 1256 2259; x_wconf 91' lang='lat' dir='ltr'><strong>ver·</strong></span> 
     </span>
     <span class='ocr_line' id='line_1_25' title="bbox 322 2273 1256 2346; baseline 0.004 -22"><span class='ocrx_word' id='word_1_176' title='bbox 322 2274 423 2325; x_wconf 88' lang='lat' dir='ltr'><strong>borum</strong></span> <span class='ocrx_word' id='word_1_177' title='bbox 442 2275 584 2341; x_wconf 83' lang='lat' dir='ltr'><strong>efficitur,</strong></span> <span class='ocrx_word' id='word_1_178' title='bbox 604 2287 634 2329; x_wconf 93' lang='lat' dir='ltr'><strong>ut</strong></span> <span class='ocrx_word' id='word_1_179' title='bbox 653 2277 792 2330; x_wconf 88' lang='lat' dir='ltr'><strong>sententia</strong></span> <span class='ocrx_word' id='word_1_180' title='bbox 811 2274 860 2328; x_wconf 86' lang='lat' dir='ltr'><strong>sit:</strong></span> <span class='ocrx_word' id='word_1_181' title='bbox 889 2274 990 2329; x_wconf 87' lang='lat' dir='ltr'><strong>Furias</strong></span> <span class='ocrx_word' id='word_1_182' title='bbox 1009 2292 1092 2344; x_wconf 89' lang='lat' dir='ltr'><strong>quum</strong></span> <span class='ocrx_word' id='word_1_183' title='bbox 1110 2273 1256 2346; x_wconf 86' lang='lat' dir='ltr'><strong>negotium</strong></span> 
     </span>
     <span class='ocr_line' id='line_1_26' title="bbox 321 2341 1253 2427; baseline 0.004 -31"><span class='ocrx_word' id='word_1_184' title='bbox 321 2341 413 2408; x_wconf 91' lang='lat' dir='ltr'><strong>illud,</strong></span> <span class='ocrx_word' id='word_1_185' title='bbox 447 2346 522 2412; x_wconf 91' lang='lat' dir='ltr'><strong>quod</strong></span> <span class='ocrx_word' id='word_1_186' title='bbox 549 2356 701 2399; x_wconf 86' lang='lat' dir='ltr'><strong>memorant</strong></span> <span class='ocrx_word' id='word_1_187' title='bbox 719 2347 770 2401; x_wconf 87' lang='lat' dir='ltr'><strong>Vs.</strong></span> <span class='ocrx_word' id='word_1_188' title='bbox 788 2346 839 2399; x_wconf 76' lang='grc'><strong>334</strong></span> <span class='ocrx_word' id='word_1_189' title='bbox 857 2361 936 2414; x_wconf 85' lang='lat' dir='ltr'><strong>sqq,</strong></span> <span class='ocrx_word' id='word_1_190' title='bbox 968 2344 1053 2400; x_wconf 89' lang='lat' dir='ltr'><strong>inse</strong></span> <span class='ocrx_word' id='word_1_191' title='bbox 1078 2347 1253 2427; x_wconf 74' lang='lat' dir='ltr'><strong>reciperent,</strong></span> 
     </span>
     <span class='ocr_line' id='line_1_27' title="bbox 320 2413 1254 2480; baseline 0 -14"><span class='ocrx_word' id='word_1_192' title='bbox 320 2427 437 2466; x_wconf 87' lang='lat' dir='ltr'><strong>curasse</strong></span> <span class='ocrx_word' id='word_1_193' title='bbox 465 2414 549 2467; x_wconf 86' lang='lat' dir='ltr'><strong>simul</strong></span> <span class='ocrx_word' id='word_1_194' title='bbox 579 2427 609 2470; x_wconf 90' lang='lat' dir='ltr'><strong>ut</strong></span> <span class='ocrx_word' id='word_1_195' title='bbox 636 2427 724 2469; x_wconf 86' lang='lat' dir='ltr'><strong>ratum</strong></span> <span class='ocrx_word' id='word_1_196' title='bbox 752 2415 835 2469; x_wconf 89' lang='lat' dir='ltr'><strong>fieret</strong></span> <span class='ocrx_word' id='word_1_197' title='bbox 858 2431 875 2468; x_wconf 90' lang='lat' dir='ltr'><strong>a</strong></span> <span class='ocrx_word' id='word_1_198' title='bbox 897 2413 954 2468; x_wconf 87' lang='lat' dir='ltr'><strong>diis</strong></span> <span class='ocrx_word' id='word_1_199' title='bbox 978 2423 1062 2480; x_wconf 89' lang='lat' dir='ltr'><strong>atque</strong></span> <span class='ocrx_word' id='word_1_200' title='bbox 1085 2415 1254 2472; x_wconf 83' lang='lat' dir='ltr'><strong>inviolatum</strong></span> 
     </span>
     <span class='ocr_line' id='line_1_28' title="bbox 320 2483 1252 2556; baseline 0.004 -23"><span class='ocrx_word' id='word_1_201' title='bbox 320 2491 463 2548; x_wconf 88' lang='lat' dir='ltr'><strong>maneret;</strong></span> <span class='ocrx_word' id='word_1_202' title='bbox 500 2499 581 2552; x_wconf 88' lang='lat' dir='ltr'><strong>quam</strong></span> <span class='ocrx_word' id='word_1_203' title='bbox 609 2484 696 2556; x_wconf 88' lang='lat' dir='ltr'><strong>ipsam</strong></span> <span class='ocrx_word' id='word_1_204' title='bbox 724 2483 890 2539; x_wconf 85' lang='lat' dir='ltr'><strong>senteutiam</strong></span> <span class='ocrx_word' id='word_1_205' title='bbox 922 2484 1106 2553; x_wconf 83' lang='lat' dir='ltr'><strong>postulamus.</strong></span> <span class='ocrx_word' id='word_1_206' title='bbox 1156 2484 1252 2538; x_wconf 87' lang='lat' dir='ltr'><strong>Porro</strong></span> 
     </span>
     <span class='ocr_line' id='line_1_29' title="bbox 321 2549 1254 2621; baseline 0.003 -18"><span class='ocrx_word' id='word_1_207' title='bbox 321 2552 408 2603; x_wconf 90' lang='lat' dir='ltr'><strong>verba</strong></span> <span class='ocrx_word' id='word_1_208' title='bbox 427 2549 493 2604; x_wconf 75' lang='lat' dir='ltr'><strong>Zedr</strong></span> <span class='ocrx_word' id='word_1_209' title='bbox 510 2550 560 2620; x_wconf 76' lang='lat' dir='ltr'><strong>ydp</strong></span> <span class='ocrx_word' id='word_1_210' title='bbox 579 2583 611 2593; x_wconf 94' lang='lat'>—</span> <span class='ocrx_word' id='word_1_211' title='bbox 631 2551 862 2621; x_wconf 73' lang='grc' dir='ltr'><strong>ἆπηξιώυατο,-</strong></span> <span class='ocrx_word' id='word_1_212' title='bbox 880 2569 952 2621; x_wconf 89' lang='lat' dir='ltr'><strong>quae</strong></span> <span class='ocrx_word' id='word_1_213' title='bbox 970 2568 1038 2606; x_wconf 87' lang='lat' dir='ltr'><strong>sane</strong></span> <span class='ocrx_word' id='word_1_214' title='bbox 1056 2552 1167 2620; x_wconf 87' lang='lat' dir='ltr'><strong>quidem</strong></span> <span class='ocrx_word' id='word_1_215' title='bbox 1185 2569 1254 2606; x_wconf 91' lang='lat' dir='ltr'><strong>cor·</strong></span> 
     </span>
     <span class='ocr_line' id='line_1_30' title="bbox 319 2621 1252 2691; baseline 0.003 -19"><span class='ocrx_word' id='word_1_216' title='bbox 319 2629 403 2690; x_wconf 90' lang='lat' dir='ltr'><strong>rupta</strong></span> <span class='ocrx_word' id='word_1_217' title='bbox 422 2622 566 2686; x_wconf 88' lang='lat' dir='ltr'><strong>videntur,</strong></span> <span class='ocrx_word' id='word_1_218' title='bbox 585 2623 634 2675; x_wconf 89' lang='lat' dir='ltr'><strong>sed</strong></span> <span class='ocrx_word' id='word_1_219' title='bbox 654 2635 795 2691; x_wconf 87' lang='lat' dir='ltr'><strong>utcunque</strong></span> <span class='ocrx_word' id='word_1_220' title='bbox 813 2624 913 2691; x_wconf 91' lang='lat' dir='ltr'><strong>procul</strong></span> <span class='ocrx_word' id='word_1_221' title='bbox 933 2622 1023 2676; x_wconf 88' lang='lat' dir='ltr'><strong>dubio</strong></span> <span class='ocrx_word' id='word_1_222' title='bbox 1042 2621 1082 2678; x_wconf 86' lang='lat' dir='ltr'><strong>ita</strong></span> <span class='ocrx_word' id='word_1_223' title='bbox 1100 2622 1252 2676; x_wconf 86' lang='lat' dir='ltr'><strong>emendan-</strong></span> 
     </span>
     <span class='ocr_line' id='line_1_31' title="bbox 320 2689 1252 2762; baseline 0.002 -20"><span class='ocrx_word' id='word_1_224' title='bbox 320 2689 357 2742; x_wconf 87' lang='lat' dir='ltr'><strong>da</strong></span> <span class='ocrx_word' id='word_1_225' title='bbox 374 2699 455 2753; x_wconf 89' lang='lat' dir='ltr'><strong>suut,</strong></span> <span class='ocrx_word' id='word_1_226' title='bbox 490 2702 520 2744; x_wconf 88' lang='lat' dir='ltr'><strong>ur</strong></span> <span class='ocrx_word' id='word_1_227' title='bbox 538 2691 573 2744; x_wconf 90' lang='lat' dir='ltr'><strong>de</strong></span> <span class='ocrx_word' id='word_1_228' title='bbox 592 2691 747 2760; x_wconf 88' lang='lat' dir='ltr'><strong>parricidis</strong></span> <span class='ocrx_word' id='word_1_229' title='bbox 766 2691 894 2760; x_wconf 84' lang='lat' dir='ltr'><strong>intelligi</strong></span> <span class='ocrx_word' id='word_1_230' title='bbox 912 2691 1024 2762; x_wconf 86' lang='lat' dir='ltr'><strong>possint</strong></span> <span class='ocrx_word' id='word_1_231' title='bbox 1038 2711 1075 2730; x_wconf 95' lang='lat'><strong>·-</strong></span> <span class='ocrx_word' id='word_1_232' title='bbox 1093 2690 1252 2762; x_wconf 79' lang='lat' dir='ltr'><strong>disceptari</strong></span> 
     </span>
     <span class='ocr_line' id='line_1_32' title="bbox 321 2757 1250 2832; baseline 0.006 -25"><span class='ocrx_word' id='word_1_233' title='bbox 321 2767 419 2828; x_wconf 88' lang='lat' dir='ltr'><strong>potest</strong></span> <span class='ocrx_word' id='word_1_234' title='bbox 443 2757 536 2812; x_wconf 88' lang='lat' dir='ltr'><strong>sintne</strong></span> <span class='ocrx_word' id='word_1_235' title='bbox 560 2761 594 2813; x_wconf 85' lang='lat' dir='ltr'><strong>ad</strong></span> <span class='ocrx_word' id='word_1_236' title='bbox 615 2762 712 2815; x_wconf 85' lang='lat' dir='ltr'><strong>verba:</strong></span> <span class='ocrx_word' id='word_1_237' title='bbox 746 2757 878 2830; x_wconf 73' lang='grc' dir='ltr'><em>δωμάτων</em></span> <span class='ocrx_word' id='word_1_238' title='bbox 895 2758 945 2831; x_wconf 78' lang='grc' dir='ltr'><strong>γᾰρ</strong></span> <span class='ocrx_word' id='word_1_239' title='bbox 962 2757 1072 2828; x_wconf 73' lang='grc' dir='ltr'><strong>εἱλόμαν</strong></span> <span class='ocrx_word' id='word_1_240' title='bbox 1089 2789 1122 2801; x_wconf 92' lang='lat'>-</span> <span class='ocrx_word' id='word_1_241' title='bbox 1139 2757 1185 2832; x_wconf 73' lang='grc' dir='ltr'><strong>ἴλῃ</strong></span> <span class='ocrx_word' id='word_1_242' title='bbox 1202 2776 1250 2813; x_wconf 87' lang='lat' dir='ltr'><strong>re·</strong></span> 
     </span>
     <span class='ocr_line' id='line_1_33' title="bbox 322 2827 1251 2901; baseline 0.009 -25"><span class='ocrx_word' id='word_1_243' title='bbox 322 2827 457 2893; x_wconf 81' lang='lat' dir='ltr'><strong>terenda,</strong></span> <span class='ocrx_word' id='word_1_244' title='bbox 485 2843 518 2881; x_wconf 87' lang='lat' dir='ltr'><strong>an</strong></span> <span class='ocrx_word' id='word_1_245' title='bbox 537 2829 571 2882; x_wconf 96' lang='lat' dir='ltr'><strong>ad</strong></span> <span class='ocrx_word' id='word_1_246' title='bbox 590 2845 637 2896; x_wconf 86' lang='lat' dir='ltr'><strong>ea,</strong></span> <span class='ocrx_word' id='word_1_247' title='bbox 664 2847 736 2898; x_wconf 88' lang='lat' dir='ltr'><strong>quae</strong></span> <span class='ocrx_word' id='word_1_248' title='bbox 754 2831 886 2901; x_wconf 85' lang='lat' dir='ltr'><strong>proxime</strong></span> <span class='ocrx_word' id='word_1_249' title='bbox 902 2829 1149 2900; x_wconf 83' lang='lat' dir='ltr'><strong>praegrediuntur.</strong></span> <span class='ocrx_word' id='word_1_250' title='bbox 1185 2828 1251 2884; x_wconf 85' lang='lat' dir='ltr'><strong>Hoc</strong></span> 
     </span>
     <span class='ocr_line' id='line_1_34' title="bbox 320 2895 1251 2968; baseline 0.006 -23"><span class='ocrx_word' id='word_1_251' title='bbox 320 2895 439 2947; x_wconf 82' lang='lat' dir='ltr'><strong>alterum</strong></span> <span class='ocrx_word' id='word_1_252' title='bbox 458 2896 484 2949; x_wconf 90' lang='lat' dir='ltr'><strong>si</strong></span> <span class='ocrx_word' id='word_1_253' title='bbox 503 2898 664 2968; x_wconf 78' lang='lat' dir='ltr'><strong>praeferas,</strong></span> <span class='ocrx_word' id='word_1_254' title='bbox 695 2911 760 2952; x_wconf 86' lang='lat' dir='ltr'><strong>ante</strong></span> <span class='ocrx_word' id='word_1_255' title='bbox 779 2900 830 2954; x_wconf 83' lang='lat' dir='ltr'><strong>Vs.</strong></span> <span class='ocrx_word' id='word_1_256' title='bbox 848 2901 900 2953; x_wconf 78' lang='lat' dir='ltr'><strong>stt</strong></span> <span class='ocrx_word' id='word_1_257' title='bbox 917 2897 1090 2968; x_wconf 83' lang='lat' dir='ltr'><strong>cogitatione</strong></span> <span class='ocrx_word' id='word_1_258' title='bbox 1108 2895 1251 2966; x_wconf 89' lang='lat' dir='ltr'><strong>adjicien·</strong></span> 
     </span>
     <span class='ocr_line' id='line_1_35' title="bbox 317 2964 1251 3043; baseline 0.006 -27"><span class='ocrx_word' id='word_1_259' title='bbox 317 2964 460 3043; x_wconf 84' lang='lat' dir='ltr'><strong>domest:</strong></span> <span class='ocrx_word' id='word_1_260' title='bbox 488 2978 523 3021; x_wconf 90' lang='lat' dir='ltr'><strong>ut</strong></span> <span class='ocrx_word' id='word_1_261' title='bbox 541 2983 601 3038; x_wconf 88' lang='lat' dir='ltr'><strong>par</strong></span> <span class='ocrx_word' id='word_1_262' title='bbox 619 2969 672 3021; x_wconf 86' lang='lat' dir='ltr'><strong>vel</strong></span> <span class='ocrx_word' id='word_1_263' title='bbox 693 2977 960 3022; x_wconf 88' lang='lat' dir='ltr'><strong>consentaneum</strong></span> <span class='ocrx_word' id='word_1_264' title='bbox 979 2975 1069 3034; x_wconf 85' lang='lat' dir='ltr'><strong>erat,</strong></span> <span class='ocrx_word' id='word_1_265' title='bbox 1089 2969 1133 3022; x_wconf 87' lang='lat' dir='ltr'><strong>vei</strong></span> <span class='ocrx_word' id='word_1_266' title='bbox 1153 2967 1251 3022; x_wconf 82' lang='lat' dir='ltr'><strong>simile</strong></span> 
     </span>
     <span class='ocr_line' id='line_1_36' title="bbox 319 3033 1251 3108; baseline 0.008 -24"><span class='ocrx_word' id='word_1_267' title='bbox 319 3033 398 3098; x_wconf 81' lang='lat' dir='ltr'><strong>quid.</strong></span> <span class='ocrx_word' id='word_1_268' title='bbox 436 3035 474 3087; x_wconf 79' lang='lat' dir='ltr'><strong>Et</strong></span> <span class='ocrx_word' id='word_1_269' title='bbox 493 3037 563 3089; x_wconf 83' lang='lat' dir='ltr'><strong>llaec</strong></span> <span class='ocrx_word' id='word_1_270' title='bbox 581 3038 695 3103; x_wconf 88' lang='lat' dir='ltr'><strong>quidem</strong></span> <span class='ocrx_word' id='word_1_271' title='bbox 714 3036 787 3091; x_wconf 87' lang='lat' dir='ltr'><strong>ratio</strong></span> <span class='ocrx_word' id='word_1_272' title='bbox 810 3049 930 3108; x_wconf 89' lang='lat' dir='ltr'><strong>propter</strong></span> <span class='ocrx_word' id='word_1_273' title='bbox 951 3038 1102 3091; x_wconf 87' lang='lat' dir='ltr'><strong>verborum</strong></span> <span class='ocrx_word' id='word_1_274' title='bbox 1114 3035 1251 3092; x_wconf 83' lang='lat' dir='ltr'><strong>¹colloca·</strong></span> 
     </span>
     <span class='ocr_line' id='line_1_37' title="bbox 319 3102 1250 3186; baseline 0.005 -31"><span class='ocrx_word' id='word_1_275' title='bbox 319 3102 425 3155; x_wconf 90' lang='lat' dir='ltr'><strong>tionem</strong></span> <span class='ocrx_word' id='word_1_276' title='bbox 452 3105 566 3158; x_wconf 76' lang='lat' dir='ltr'><strong>facilior</strong></span> <span class='ocrx_word' id='word_1_277' title='bbox 582 3115 667 3172; x_wconf 89' lang='lat' dir='ltr'><strong>atque</strong></span> <span class='ocrx_word' id='word_1_278' title='bbox 690 3106 786 3186; x_wconf 91' lang='lat' dir='ltr'><strong>aptior</strong></span> <span class='ocrx_word' id='word_1_279' title='bbox 805 3106 895 3161; x_wconf 91' lang='lat' dir='ltr'><strong>videri</strong></span> <span class='ocrx_word' id='word_1_280' title='bbox 915 3107 1016 3178; x_wconf 88' lang='lat' dir='ltr'><strong>possit.</strong></span> <span class='ocrx_word' id='word_1_281' title='bbox 1051 3108 1179 3160; x_wconf 79' lang='lat' dir='ltr'><strong>Attamen</strong></span> <span class='ocrx_word' id='word_1_282' title='bbox 1198 3124 1250 3160; x_wconf 87' lang='lat' dir='ltr'><strong>ne-</strong></span> 
     </span>
     <span class='ocr_line' id='line_1_38' title="bbox 319 3169 1250 3250; baseline 0.006 -27"><span class='ocrx_word' id='word_1_283' title='bbox 319 3169 380 3223; x_wconf 88' lang='lat' dir='ltr'><strong>scio</strong></span> <span class='ocrx_word' id='word_1_284' title='bbox 398 3187 438 3250; x_wconf 38' lang='lat' dir='ltr'><strong>an·</strong></span> <span class='ocrx_word' id='word_1_285' title='bbox 459 3173 540 3243; x_wconf 89' lang='lat' dir='ltr'><strong>prius</strong></span> <span class='ocrx_word' id='word_1_286' title='bbox 560 3175 633 3227; x_wconf 91' lang='lat' dir='ltr'><strong>illud</strong></span> <span class='ocrx_word' id='word_1_287' title='bbox 658 3192 753 3228; x_wconf 83' lang='lat' dir='ltr'><strong>verius</strong></span> <span class='ocrx_word' id='word_1_288' title='bbox 772 3175 823 3242; x_wconf 89' lang='lat' dir='ltr'><strong>sit,</strong></span> <span class='ocrx_word' id='word_1_289' title='bbox 860 3176 967 3245; x_wconf 83' lang='lat' dir='ltr'><strong>quippe</strong></span> <span class='ocrx_word' id='word_1_290' title='bbox 985 3177 1060 3244; x_wconf 89' lang='lat' dir='ltr'><strong>quod</strong></span> <span class='ocrx_word' id='word_1_291' title='bbox 1083 3179 1250 3246; x_wconf 70' lang='lat' dir='ltr'><strong>majoresne</strong></span> 
     </span>
     <span class='ocr_line' id='line_1_39' title="bbox 245 3243 1249 3316; baseline 0.009 -26"><span class='ocrx_word' id='word_1_292' title='bbox 245 3307 249 3316; x_wconf 23' lang='grc' dir='ltr'><strong>Δ</strong></span> <span class='ocrx_word' id='word_1_293' title='bbox 317 3252 458 3294; x_wconf 82' lang='lat' dir='ltr'><strong>sententia</strong></span> <span class='ocrx_word' id='word_1_294' title='bbox 492 3243 758 3298; x_wconf 83' lang='lat' dir='ltr'><strong>commendationem</strong></span> <span class='ocrx_word' id='word_1_295' title='bbox 791 3246 912 3310; x_wconf 87' lang='lat' dir='ltr'><strong>habeat,</strong></span> <span class='ocrx_word' id='word_1_296' title='bbox 947 3260 1018 3313; x_wconf 88' lang='lat' dir='ltr'><strong>quae</strong></span> <span class='ocrx_word' id='word_1_297' title='bbox 1052 3255 1113 3298; x_wconf 91' lang='lat' dir='ltr'><strong>tum·</strong></span> <span class='ocrx_word' id='word_1_298' title='bbox 1143 3246 1249 3309; x_wconf 85' lang='lat' dir='ltr'><strong>oritur,</strong></span> 
     </span>
     <span class='ocr_line' id='line_1_40' title="bbox 314 3309 1249 3387; baseline 0.009 -26"><span class='ocrx_word' id='word_1_299' title='bbox 314 3309 402 3387; x_wconf 75' lang='lat' dir='ltr'><strong>hacce</strong></span> <span class='ocrx_word' id='word_1_300' title='bbox 426 3309 571 3365; x_wconf 88' lang='lat' dir='ltr'><strong>nimirum:</strong></span> <span class='ocrx_word' id='word_1_301' title='bbox 607 3330 644 3366; x_wconf 85' lang='lat' dir='ltr'><strong>se</strong></span> <span class='ocrx_word' id='word_1_302' title='bbox 672 3313 766 3368; x_wconf 93' lang='lat' dir='ltr'><strong>illud</strong></span> <span class='ocrx_word' id='word_1_303' title='bbox 791 3329 911 3368; x_wconf 90' lang='lat' dir='ltr'><strong>munus</strong></span> <span class='ocrx_word' id='word_1_304' title='bbox 934 3313 1135 3384; x_wconf 89' lang='lat' dir='ltr'><strong>recepisse,</strong></span> <span class='ocrx_word' id='word_1_305' title='bbox 1165 3331 1249 3382; x_wconf 89' lang='lat' dir='ltr'><strong>quo·</strong></span> 
     </span>
     <span class='ocr_line' id='line_1_41' title="bbox 314 3380 1247 3451; baseline 0.009 -21"><span class='ocrx_word' id='word_1_306' title='bbox 314 3393 412 3431; x_wconf 86' lang='lat' dir='ltr'><strong>nram</strong></span> <span class='ocrx_word' id='word_1_307' title='bbox 444 3380 625 3450; x_wconf 73' lang='lat' dir='ltr'><strong>luppiter</strong></span> <span class='ocrx_word' id='word_1_308' title='bbox 657 3383 834 3441; x_wconf 88' lang='lat' dir='ltr'><strong>uoluerit</strong></span> <span class='ocrx_word' id='word_1_309' title='bbox 865 3383 1057 3451; x_wconf 84' lang='lat' dir='ltr'><strong>judicium</strong></span> <span class='ocrx_word' id='word_1_310' title='bbox 1090 3400 1247 3438; x_wconf 86' lang='lat' dir='ltr'><strong>exerce-</strong></span> 
     </span>
     <span class='ocr_line' id='line_1_42' title="bbox 315 3449 1248 3507; baseline 0.01 -10"><span class='ocrx_word' id='word_1_311' title='bbox 315 3461 363 3498; x_wconf 88' lang='lat' dir='ltr'><strong>re.</strong></span> <span class='ocrx_word' id='word_1_312' title='bbox 410 3449 522 3505; x_wconf 87' lang='lat' dir='ltr'><strong>Etenim</strong></span> <span class='ocrx_word' id='word_1_313' title='bbox 547 3453 660 3505; x_wconf 89' lang='lat' dir='ltr'><strong>omnino</strong></span> <span class='ocrx_word' id='word_1_314' title='bbox 688 3461 812 3506; x_wconf 86' lang='lat' dir='ltr'><strong>nostram</strong></span> <span class='ocrx_word' id='word_1_315' title='bbox 836 3455 924 3507; x_wconf 88' lang='lat' dir='ltr'><strong>verba</strong></span> <span class='ocrx_word' id='word_1_316' title='bbox 947 3452 1130 3507; x_wconf 88' lang='lat' dir='ltr'><strong>construendi</strong></span> <span class='ocrx_word' id='word_1_317' title='bbox 1155 3453 1248 3506; x_wconf 89' lang='lat' dir='ltr'><strong>ratio-</strong></span> 
     </span>
     <span class='ocr_line' id='line_1_43' title="bbox 226 3516 1245 3602; baseline 0.008 -36"><span class='ocrx_word' id='word_1_318' title='bbox 226 3546 229 3550; x_wconf 89' lang='lat'>·</span> <span class='ocrx_word' id='word_1_319' title='bbox 280 3527 286 3540; x_wconf 92' lang='lat'><em>·</em></span> <span class='ocrx_word' id='word_1_320' title='bbox 312 3529 375 3567; x_wconf 88' lang='lat' dir='ltr'><strong>nem</strong></span> <span class='ocrx_word' id='word_1_321' title='bbox 402 3516 494 3572; x_wconf 82' lang='lat' dir='ltr'><strong>fateor</strong></span> <span class='ocrx_word' id='word_1_322' title='bbox 520 3521 634 3588; x_wconf 88' lang='lat' dir='ltr'><strong>quidem</strong></span> <span class='ocrx_word' id='word_1_323' title='bbox 653 3523 716 3592; x_wconf 88' lang='lat' dir='ltr'><strong>ipse</strong></span> <span class='ocrx_word' id='word_1_324' title='bbox 734 3522 862 3577; x_wconf 89' lang='lat' dir='ltr'><strong>ordinem</strong></span> <span class='ocrx_word' id='word_1_325' title='bbox 888 3523 1091 3577; x_wconf 89' lang='lat' dir='ltr'><strong>sententiarum</strong></span> <span class='ocrx_word' id='word_1_326' title='bbox 1116 3522 1245 3602; x_wconf 83' lang='lat' dir='ltr'><strong>implici-</strong></span> 
     </span>
     <span class='ocr_line' id='line_1_44' title="bbox 312 3586 1245 3665; baseline 0.009 -30"><span class='ocrx_word' id='word_1_327' title='bbox 312 3591 369 3665; x_wconf 72' lang='lat' dir='ltr'><strong>tum</strong></span> <span class='ocrx_word' id='word_1_328' title='bbox 386 3586 521 3655; x_wconf 86' lang='lat' dir='ltr'><strong>reddere,</strong></span> <span class='ocrx_word' id='word_1_329' title='bbox 558 3590 608 3645; x_wconf 89' lang='lat' dir='ltr'><strong>sed</strong></span> <span class='ocrx_word' id='word_1_330' title='bbox 627 3607 716 3659; x_wconf 86' lang='lat' dir='ltr'><strong>nego,</strong></span> <span class='ocrx_word' id='word_1_331' title='bbox 755 3607 814 3644; x_wconf 89' lang='lat' dir='ltr'><strong>eam</strong></span> <span class='ocrx_word' id='word_1_332' title='bbox 834 3591 1049 3645; x_wconf 86' lang='lat' dir='ltr'><strong>obhocstarui</strong></span> <span class='ocrx_word' id='word_1_333' title='bbox 1070 3607 1124 3646; x_wconf 91' lang='lat' dir='ltr'><strong>non</strong></span> <span class='ocrx_word' id='word_1_334' title='bbox 1144 3591 1245 3656; x_wconf 83' lang='lat' dir='ltr'><strong>lucere,</strong></span> 
     </span>
     <span class='ocr_line' id='line_1_45' title="bbox 248 3659 1247 3733; baseline 0.011 -30"><span class='ocrx_word' id='word_1_335' title='bbox 248 3675 252 3682; x_wconf 92' lang='lat'><strong>·</strong></span> <span class='ocrx_word' id='word_1_336' title='bbox 314 3659 476 3733; x_wconf 65' lang='lat' dir='ltr'><strong>ammoajo,</strong></span> <span class='ocrx_word' id='word_1_337' title='bbox 512 3660 570 3712; x_wconf 90' lang='lat' dir='ltr'><strong>tale</strong></span> <span class='ocrx_word' id='word_1_338' title='bbox 596 3659 711 3714; x_wconf 87' lang='lat' dir='ltr'><strong>dicendi</strong></span> <span class='ocrx_word' id='word_1_339' title='bbox 730 3677 820 3728; x_wconf 88' lang='lat' dir='ltr'><strong>genus</strong></span> <span class='ocrx_word' id='word_1_340' title='bbox 838 3659 936 3714; x_wconf 85' lang='lat' dir='ltr'><strong>Furiis</strong></span> <span class='ocrx_word' id='word_1_341' title='bbox 959 3659 1079 3714; x_wconf 82' lang='lat' dir='ltr'><strong>maxime</strong></span> <span class='ocrx_word' id='word_1_342' title='bbox 1102 3659 1247 3714; x_wconf 86' lang='lat' dir='ltr'><strong>commotis</strong></span> 
     </span>
     <span class='ocr_line' id='line_1_46' title="bbox 313 3723 1247 3802; baseline 0.006 -28"><span class='ocrx_word' id='word_1_343' title='bbox 313 3723 456 3802; x_wconf 81' lang='lat' dir='ltr'><strong>imprimis</strong></span> <span class='ocrx_word' id='word_1_344' title='bbox 475 3727 637 3782; x_wconf 89' lang='lat' dir='ltr'><strong>convenire.</strong></span> <span class='ocrx_word' id='word_1_345' title='bbox 684 3731 778 3785; x_wconf 84' lang='lat' dir='ltr'><strong>Verba</strong></span> <span class='ocrx_word' id='word_1_346' title='bbox 796 3725 917 3792; x_wconf 78' lang='grc' dir='ltr'><em>ἐπὶτδν,</em></span> <span class='ocrx_word' id='word_1_347' title='bbox 944 3724 982 3791; x_wconf 62' lang='grc' dir='ltr'><strong>ὦ,</strong></span> <span class='ocrx_word' id='word_1_348' title='bbox 1012 3725 1137 3797; x_wconf 68' lang='grc' dir='ltr'><strong>διόμεναι</strong></span> <span class='ocrx_word' id='word_1_349' title='bbox 1154 3745 1247 3797; x_wconf 84' lang='lat' dir='ltr'><strong>seqq,</strong></span> 
     </span>
     <span class='ocr_line' id='line_1_47' title="bbox 312 3792 1248 3868; baseline 0.011 -26"><span class='ocrx_word' id='word_1_350' title='bbox 312 3792 416 3857; x_wconf 82' lang='lat' dir='ltr'><strong>qulbus</strong></span> <span class='ocrx_word' id='word_1_351' title='bbox 443 3797 598 3861; x_wconf 86' lang='lat' dir='ltr'><strong>rationem,</strong></span> <span class='ocrx_word' id='word_1_352' title='bbox 635 3813 690 3864; x_wconf 89' lang='lat' dir='ltr'><strong>qua</strong></span> <span class='ocrx_word' id='word_1_353' title='bbox 719 3799 847 3852; x_wconf 89' lang='lat' dir='ltr'><strong>domuum</strong></span> <span class='ocrx_word' id='word_1_354' title='bbox 877 3797 1053 3852; x_wconf 81' lang='lat' dir='ltr'><strong>eversionem</strong></span> <span class='ocrx_word' id='word_1_355' title='bbox 1084 3797 1248 3868; x_wconf 82' lang='lat' dir='ltr'><strong>perficiant,</strong></span> 
     </span>
     <span class='ocr_line' id='line_1_48' title="bbox 309 3863 1244 3937; baseline 0.009 -25"><span class='ocrx_word' id='word_1_356' title='bbox 309 3863 470 3916; x_wconf 79' lang='lat' dir='ltr'><strong>accuratius</strong></span> <span class='ocrx_word' id='word_1_357' title='bbox 502 3867 669 3921; x_wconf 88' lang='lat' dir='ltr'><strong>describunt</strong></span> <span class='ocrx_word' id='word_1_358' title='bbox 701 3879 729 3922; x_wconf 88' lang='lat' dir='ltr'><strong>et</strong></span> <span class='ocrx_word' id='word_1_359' title='bbox 760 3869 845 3935; x_wconf 63' lang='lat' dir='ltr'><strong>quasi*</strong></span> <span class='ocrx_word' id='word_1_360' title='bbox 881 3867 1057 3937; x_wconf 81' lang='lat' dir='ltr'><strong>depingunt,</strong></span> <span class='ocrx_word' id='word_1_361' title='bbox 1091 3883 1163 3933; x_wconf 89' lang='lat' dir='ltr'><strong>quae</strong></span> <span class='ocrx_word' id='word_1_362' title='bbox 1196 3882 1244 3920; x_wconf 88' lang='lat' dir='ltr'><strong>res</strong></span> 
     </span>
     <span class='ocr_line' id='line_1_49' title="bbox 308 3928 1243 4003; baseline 0.002 -19"><span class='ocrx_word' id='word_1_363' title='bbox 308 3928 376 3984; x_wconf 85' lang='lat' dir='ltr'><strong>Vas.</strong></span> <span class='ocrx_word' id='word_1_364' title='bbox 396 3933 447 3988; x_wconf 76' lang='grc'><strong>346</strong></span> <span class='ocrx_word' id='word_1_365' title='bbox 466 3951 526 4002; x_wconf 87' lang='lat' dir='ltr'><strong>sqq.</strong></span> <span class='ocrx_word' id='word_1_366' title='bbox 551 3935 725 4002; x_wconf 86' lang='lat' dir='ltr'><strong>absolvitur,</strong></span> <span class='ocrx_word' id='word_1_367' title='bbox 760 3939 796 3991; x_wconf 89' lang='lat' dir='ltr'><strong>ab</strong></span> <span class='ocrx_word' id='word_1_368' title='bbox 823 3937 874 4001; x_wconf 90' lang='lat' dir='ltr'><strong>iis,</strong></span> <span class='ocrx_word' id='word_1_369' title='bbox 910 3951 1038 4003; x_wconf 88' lang='lat' dir='ltr'><strong>quaese</strong></span> <span class='ocrx_word' id='word_1_370' title='bbox 1066 3936 1117 3990; x_wconf 84' lang='lat' dir='ltr'><strong>vix</strong></span> <span class='ocrx_word' id='word_1_371' title='bbox 1150 3935 1243 3990; x_wconf 90' lang='lat' dir='ltr'><strong>couti·</strong></span> 
     </span>
     <span class='ocr_line' id='line_1_50' title="bbox 309 4003 1245 4080; baseline 0.004 -29"><span class='ocrx_word' id='word_1_372' title='bbox 309 4009 396 4080; x_wconf 81' lang='lat' dir='ltr'><strong>aeaut</strong></span> <span class='ocrx_word' id='word_1_373' title='bbox 412 4012 443 4058; x_wconf 90' lang='lat' dir='ltr'><strong>et</strong></span> <span class='ocrx_word' id='word_1_374' title='bbox 467 4005 572 4072; x_wconf 89' lang='lat' dir='ltr'><strong>quibas</strong></span> <span class='ocrx_word' id='word_1_375' title='bbox 596 4005 677 4074; x_wconf 89' lang='lat' dir='ltr'><strong>quasi</strong></span> <span class='ocrx_word' id='word_1_376' title='bbox 704 4007 824 4061; x_wconf 85' lang='lat' dir='ltr'><strong>molesta</strong></span> <span class='ocrx_word' id='word_1_377' title='bbox 842 4003 882 4059; x_wconf 90' lang='lat' dir='ltr'><strong>sit</strong></span> <span class='ocrx_word' id='word_1_378' title='bbox 906 4006 1045 4077; x_wconf 87' lang='lat' dir='ltr'><strong>temporis</strong></span> <span class='ocrx_word' id='word_1_379' title='bbox 1063 4019 1156 4067; x_wconf 84' lang='lat' dir='ltr'><strong>moro,</strong></span> <span class='ocrx_word' id='word_1_380' title='bbox 1189 4006 1245 4070; x_wconf 82' lang='lat' dir='ltr'><strong>jam</strong></span> 
     </span>
     <span class='ocr_line' id='line_1_51' title="bbox 224 4069 1246 4131; baseline 0.005 -12"><span class='ocrx_word' id='word_1_381' title='bbox 224 4097 227 4104; x_wconf 45' lang='grc' dir='ltr'>ι</span> <span class='ocrx_word' id='word_1_382' title='bbox 307 4069 419 4125; x_wconf 71' lang='lat' dir='ltr'><strong>mediae</strong></span> <span class='ocrx_word' id='word_1_383' title='bbox 436 4073 596 4130; x_wconf 81' lang='lat' dir='ltr'><strong>sententiae</strong></span> <span class='ocrx_word' id='word_1_384' title='bbox 622 4075 795 4131; x_wconf 81' lang='lat' dir='ltr'><strong>inseruntur.</strong></span> <span class='ocrx_word' id='word_1_385' title='bbox 831 4074 911 4129; x_wconf 78' lang='lat' dir='ltr'><strong>llaec</strong></span> <span class='ocrx_word' id='word_1_386' title='bbox 929 4074 1077 4130; x_wconf 80' lang='lat' dir='ltr'><strong>hacteuus.</strong></span> <span class='ocrx_word' id='word_1_387' title='bbox 1114 4073 1246 4129; x_wconf 89' lang='lat' dir='ltr'><strong>Ceterum</strong></span> 
     </span>
    </p>
   </div>
   <div class='ocr_carea' id='block_1_5' title="bbox 0 0 1402 4692">
    <p class='ocr_par' dir='ltr' id='par_1_5' title="bbox 0 0 1402 4692">
     <span class='ocr_line' id='line_1_52' title="bbox 0 0 1402 4692; baseline 0 3"><span class='ocrx_word' id='word_1_388' title='bbox 0 0 1402 4692; x_wconf 95' lang='lat' dir='ltr'><strong> </strong></span> 
     </span>
    </p>
   </div>
  </div>
 </body>
</html>
