2796 4694
1049 347 1198 422 CXXIII

275 519 407 596 Furiae
431 531 559 594 contre
585 513 630 592 ed
659 541 846 592 summam
869 519 968 593 irem
992 538 1199 596 commotae

177 647 330 698 carmen
356 635 489 696 canunt
507 616 590 712 123),
617 644 686 716 quo
712 644 824 714 quum
847 619 1006 716 juniores
1032 621 1082 693 dii
1104 639 1199 697 vete-

176 749 235 798 res
262 726 356 822 leges
389 721 683 797 conculcaverint
715 719 871 816 ipsisque
902 719 1114 796 emenibus
1140 751 1199 798 ex-

175 825 367 914 torserint,
397 847 450 896 se
476 823 612 897 honore
644 821 802 917 privates
829 837 864 895 et
887 837 1008 896 terrae
1032 824 1199 898 sterilita-

175 939 251 1000 tem
274 940 309 1000 et
330 922 538 999 hominibus
559 921 760 1020 perniciem
780 921 1012 998 immissuras
1033 949 1108 998 esse
1130 927 1199 1001 mi-

175 1041 309 1102 nantur
333 1023 513 1099 vindictae
537 1023 665 1099 s'tudio.

276 1126 442 1200 Minerva
465 1128 609 1222 placere
642 1124 758 1198 studet
783 1149 864 1198 rem
890 1149 996 1224 aegre
1031 1125 1200 1219 ferentes,

177 1252 347 1318 monens,
394 1249 556 1300 ees'non
582 1225 696 1300 victas
725 1251 801 1300 esse
831 1224 982 1321 judicio,
1030 1230 1200 1323 quoniam

176 1329 340 1424 judicum
372 1325 545 1426 suffragia
580 1326 682 1422 peria
715 1327 870 1419 fuerint,
914 1326 965 1400 ita
989 1341 1030 1400 ut
1063 1332 1202 1404 nullam

176 1428 326 1512 honoris
363 1427 624 1502 detractionem
661 1452 784 1523 passae
821 1427 902 1501 sint.
963 1426 1014 1500 At
1047 1429 1145 1504 enim
1180 1456 1202 1506 a

82 1563 84 1570 ⁴
177 1534 268 1608 Jove
307 1533 451 1604 clarum
492 1527 742 1602 testimonium
783 1528 959 1619 adfuisse,
1011 1527 1201 1627 ipsumque

176 1632 382 1726 Apollinem
416 1644 545 1704 testem
579 1629 706 1722 fuisse,
748 1630 915 1704 Orestem
940 1644 1058 1704 matre
1092 1631 1202 1706 inter-

177 1734 271 1808 fecte
297 1755 368 1806 non
393 1755 470 1805 esse
493 1731 532 1802 in
560 1755 662 1804 noxa.
726 1729 811 1804 Inde
835 1731 1019 1822 hortatur,
1062 1757 1107 1804 ne
1132 1749 1203 1808 ter-

177 1859 241 1910 rae
260 1834 405 1908 Atticae
430 1827 581 1930 gravem
606 1829 705 1904 iram
730 1831 895 1932 infligant
929 1833 1203 1916 sterilitatemve

176 1950 387 2032 procreent,
413 1931 602 2028 pollicens,
630 1957 688 2005 eas
715 1932 838 2006 sedem
863 1947 898 2004 et
920 1957 1105 2008 recessum
1131 1939 1204 2010 ter-'
1317 1935 1320 1940 ’

178 2061 241 2110 rae
274 2033 460 2110 habituras
493 2058 569 2107 esse
595 2057 682 2106 cunr
714 2031 923 2107 simulacris
956 2037 1139 2112 collocatis
1164 2038 1203 2111 in

176 2135 252 2212 eris
285 2135 507 2234 splendidam
539 2133 664 2208 sedem
694 2133 975 2231 praebentibus,
997 2141 1029 2211 'a
1062 2137 1203 2214 civibus

175 2237 312 2312 honore
338 2238 451 2312 cultas
469 2233 549 2328 l²⁴¹).

169 2391 445 2410 *UO—*nnn*-

278 2475 356 2534 erst,
393 2475 425 2522 ut
442 2465 526 2522 simul
544 2483 606 2521 curn
624 2465 727 2520 Oreste
750 2465 860 2533 ablret,
894 2462 992 2520 mirari
1011 2468 1118 2537 possit,
1152 2488 1206 2526 eur

280 2537 329 2591 hic
353 2535 435 2591 illius
463 2537 491 2590 iu
519 2535 705 2590 valedicendo
729 2533 839 2589 omniuo
865 2534 971 2588 nullam
999 2536 1135 2592 rationem
1155 2542 1203 2595 lte-

279 2605 383 2660 bnerit.
435 2605 642 2660 Muellerus
661 2605 732 2658 hunc
757 2603 948 2672 quaestionem
972 2603 1088 2661 silentio
1113 2620 1205 2664 trans·
1255 2664 1263 2672 ,

279 2675 365 2728 misit.
407 2675 563 2729 NobIscum
581 2673 671 2727 sentit
687 2671 919 2742 Droysenius
937 2672 957 2726 l.
976 2691 1000 2728 c.
1020 2693 1048 2746 p.
1066 2678 1132 2747 2²6,
1164 2681 1205 2734 si.

278 2743 408 2865 moltitie
426 2753 517 2799 temen
541 2743 599 2798 elie
619 2744 665 2797 vel
691 2742 921 2812 ImprobabIIiter
940 2744 985 2797 vel
1011 2744 1120 2802 incerte
1137 2750 1205 2805 ficte

279 2830 439 2885 proerens.

177 2931 240 2997 12³)
280 2930 401 2985 Carmen
419 2930 508 2984 hocce
526 2937 554 2984 et
570 2933 688 2987 alterurn
706 2928 797 2993 illud,
822 2928 897 2996 quod
916 2931 1046 2999 proxime
1064 2937 1204 3005 sequitur,

280 3003 364 3055 unice
382 3000 531 3065 habemns,
561 3017 632 3068 quse
651 3010 709 3054 tote
727 3009 897 3068 repetentur.
941 2999 1095 3058 Cantentur
1112 3019 1204 3062 nutem

278 3068 443 3141 epurtibus
462 3067 568 3136 Gitoni,
597 3082 627 3124 ut
645 3071 758 3123 videtur
775 3066 804 3119 in
824 3067 1003 3122 hemichoros
1021 3073 1204 3135 discedentis.

178 3189 239 3255 124)
279 3185 339 3240 ctr.
360 3182 411 3239 Vs.
431 3185 481 3238 tte
499 3200 560 3252 sqq.
601 3185 648 3238 De
674 3185 738 3238 luno
764 3183 911 3256 Furiarum
940 3185 1022 3239 etism
1051 3189 1126 3248 inire
1151 3194 1204 3252 Vs.

279 3257 330 3310 816
347 3265 500 3307 memorato
522 3253 577 3306 rid.
597 3266 709 3324 praeter
727 3253 851 3306 lileurs.
870 3254 906 3306 de
924 3258 1027 3325 Areop.
1046 3276 1069 3311 c.
1087 3262 1162 3327 11,1.
1181 3283 1205 3321 c.

280 3341 306 3392 p.
325 3324 393 3376 2075
418 3337 480 3389 sqq.
508 3332 537 3375 et
564 3321 676 3375 Stcnl.
711 3323 803 3376 adnot.
831 3323 865 3374 ed
894 3321 947 3378 Vs.
966 3327 1032 3380 1038
1065 3327 1204 3400 imprimis

278 3392 447 3450 Mueller.
466 3389 554 3444 addit.
569 3391 603 3444 ed
622 3389 751 3443 Leekii
771 3402 882 3458 topogr.
902 3395 1003 3446 Athen.
1023 3411 1039 3448 e
1056 3398 1206 3457 Rienee·

280 3461 389 3514 „kero
416 3459 578 3527 germanice
605 3475 732 3513 convers.
752 3476 780 3529 p.
799 3461 849 3512 tot
869 3469 898 3513 et
925 3463 1017 3519 adnot.
1035 3467 1069 3520 ed
1087 3469 1205 3530 Eunen.

278 3549 306 3602 p.
315 3531 373 3584 179.
399 3527 507 3596 Specus
523 3530 717 3594 subterraneo,
736 3542 807 3593 quae
824 3528 954 3583 hocloco
970 3536 1106 3590 vocubulo
1120 3545 1206 3596 esud-

279 3593 387 3667 μῶνας,
408 3597 482 3651 inire
499 3597 610 3652 vetes
628 3613 698 3650 voce
715 3592 857 3664 θαλάμους
875 3597 1047 3667 designetur.
1083 3609 1125 3660 Ad
1145 3627 1205 3664 cem

190 3673 191 3680 ’
280 3667 369 3738 ipsam
392 3676 521 3734 spectent
545 3667 632 3720 rerba
653 3661 723 3718 sord
747 3664 794 3734 γῆς
816 3663 945 3734 “v't‘ffl‘s
980 3668 1017 3726 ‘3⁶
1032 3671 1094 3728 '⁰¹¹⁸‘
1111 3677 1207 3744 illl&

279 3743 323 3789 ,αι
341 3733 413 3788 κάτω
436 3733 536 3798 χθονός
560 3732 672 3800 τόπους,
708 3730 756 3804 yde
779 3730 833 3787 sind
858 3732 984 3790 κεύθεσιν
1000 3737 1118 3811 erepton
1136 3748 1204 3804 Vsu.

279 3803 510 3870 951‚'9tt‚989.
553 3805 600 3859 Ex
618 3803 717 3874 Eurip.
737 3804 846 3858 Electr.
865 3804 914 3858 Vs.
935 3810 1002 3863 1273
1019 3812 1118 3869 Muttlt.
1137 3833 1206 3870 cou-

277 3883 351 3939 m,
382 3875 436 3926 hoc
453 3870 541 3941 χάσμα
558 3869 658 3937 pecude
681 3872 771 3928 luisse
788 3869 886 3940 σεμνόν
901 3880 1039 3945 βροτοῖσιν
1054 3879 1207 3954 atomon

280 3941 455 4008 χρηαιὴρων,
480 3942 522 3996 sic
539 3942 612 3998 enitn
631 3944 704 3998 hunc
721 3958 833 3996 versum
850 3959 950 4012 magno
967 3964 1056 4029 opere
1072 3961 1208 4010 tentatum

280 4011 679 4076 consonantissimam,
707 4012 759 4066 clf·
778 4027 850 4078 «1⁰⁸0
869 4013 1025 4070 PIU³⁸¹¹¹⁰⁵
1044 4018 1110 4086 Μ’
1129 4025 1208 4089 ²⁵⁹⁴

280 4079 370 4136 uadit
401 4081 438 4139 dc
471 4083 593 4156 delubro
619 4081 820 4148 Eumenidum,
855 4083 931 4148 quod
959 4083 1107 4156 Ceryneee
1134 4104 1206 4152 eret·
