2784 4690
298 713 460 782 possumus,
490 702 560 771 quin
577 701 608 757 in
630 701 770 757 alterutra
787 699 914 756 versatili
937 700 1066 754 machina
1083 697 1225 769 depictum

299 777 394 834 fuisse
420 782 585 836 statuamus,
624 771 833 841 repraesentari
861 771 970 840 potuit!
1014 770 1048 822 ld
1070 769 1144 836 quod
1169 769 1224 833 jam

299 841 528 907 Klausenius
554 840 657 906 sensit,
692 843 762 894 haec
788 839 919 894 scribens
943 840 963 893 l.
990 857 1031 893 ue
1068 839 1149 892 »dass
1174 836 1227 888 der

299 921 431 984 Areopng
449 912 499 966 nul
513 911 595 964 einer
612 911 663 962 der
674 909 829 963 Perialtteu
847 909 972 974 gemuitlt
988 921 1047 964 war
1065 939 1096 950 -
1115 908 1153 960 ist
1170 902 1225 956 mir

204 1019 207 1026 «
263 1003 268 1016 ·
299 1015 333 1028 -
351 979 820 1042 darumuichtwahrsclreinlich,
852 978 922 1032 weil
945 978 994 1031 die
1012 975 1225 1043 Biihnejadas

299 1053 406 1108 Inaere
431 1050 481 1104 des
499 1049 633 1127 Tempels
657 1048 806 1113 darstellt,
840 1048 902 1102 also
925 1048 974 1100 die
992 1047 1149 1107 Periakteu
1172 1059 1226 1095 nur

211 1147 217 1153 ·
300 1121 351 1178 die
367 1119 478 1175 Winde
496 1118 671 1170 benerclrnon
689 1117 802 1170 konnen
813 1117 872 1182 (l).«
908 1115 976 1169 ntia
992 1131 1091 1169 euusstt
1109 1113 1225 1167 univer-

299 1190 372 1247 sslie
391 1197 420 1242 et
438 1187 503 1258 ipsa
519 1202 536 1240 e
554 1201 652 1252 scena,
679 1184 729 1238 nbi
745 1186 885 1252 judicium
903 1195 1071 1249 exercetur,
1091 1183 1225 1254 repetita,

299 1275 352 1314 cur
368 1254 560 1330 proscenium.
579 1271 633 1308 non
651 1255 738 1307 solam
756 1254 945 1320 orchestram,
963 1253 1014 1308 ubi
1032 1255 1142 1308 chorus
1161 1269 1225 1306 ver-

218 1355 223 1364 ·
285 1329 428 1390 sabatur,
463 1325 515 1378 sub
539 1323 723 1378 studuisse
749 1323 903 1389 utauerim,
937 1323 966 1376 in
991 1323 1146 1394 eo‘positu
1163 1330 1224 1387 est,

298 1396 375 1466 quod
393 1393 486 1448 omnia
506 1392 616 1461 judicia
632 1340 767 1463 capitosis
786 1392 840 1446 sub
857 1391 909 1446 dio
933 1393 1064 1446 exerceri
1083 1391 1223 1446 solebant.

299 1465 449 1533 Denique,
467 1491 500 1504 -
518 1471 620 1516 utnon
639 1475 783 1528 quaerum,
808 1469 944 1528 quatenus
961 1460 1073 1516 omuino
1090 1461 1153 1514 lieri
1192 1477 1225 1511 o-

299 1535 403 1600 tnerit,
422 1541 454 1585 ut
471 1532 598 1586 intimum
616 1529 752 1584 Minervii
771 1531 801 1584 in
818 1529 970 1601 proscenio
989 1531 1082 1585 oculis
1101 1478 1224 1584 exhifle·

299 1614 397 1672 retur,
414 1629 447 1642 -
465 1602 520 1655 hoo
538 1599 750 1670 computandum
767 1607 826 1665 est,
847 1597 928 1654 etiam
947 1598 976 1652 in
994 1599 1095 1670 priore
1113 1598 1226 1652 fabulae

297 1683 383 1748 parto
408 1668 601 1742 proscenium·
617 1675 829 1750 repraesentare
846 1669 1037 1735 uestibulum,
1073 1685 1127 1722 non
1154 1667 1225 1722 inti·

211 1771 214 1776 ·
297 1751 386 1805 mam,
421 1736 520 1810 templi
543 1738 693 1808 Delplrrcr.
737 1737 800 1791 llae
822 1738 935 1818 quidem
958 1748 1025 1793 sunt
1048 1737 1225 1792 universales

298 1813 426 1868 rationes
444 1809 474 1861 iu
492 1821 572 1860 unam
589 1821 720 1862 summum
741 1817 948 1876 conspiranter.
982 1808 1142 1864 Videndum
1158 1809 1226 1874 jam,

239 1921 241 1928 .
297 1895 361 1936 num
377 1876 415 1931 de
433 1877 486 1930 lrao
502 1890 618 1943 qaoque
638 1891 671 1928 re
689 1893 726 1929 ex
744 1874 818 1956 ipsis
842 1887 945 1945 poetae
964 1877 1065 1932 serbis
1077 1886 1161 1942 atque
1180 1876 1224 1929 lo·

299 1945 464 2006 cutionibus
483 1943 606 2011 singulis
625 1945 700 1998 certi
716 1944 787 2012 quad
806 1944 886 1999 effici
904 1945 1009 2016 possit,
1028 1955 1070 2010 et,
1089 1945 1164 2013 quod
1181 1948 1225 1998 el·

299 2020 405 2073 lectum
429 2014 534 2078 luerit,
567 2013 707 2080 quomodo
731 2027 792 2066 cunr
809 2027 915 2067 summa
931 2023 996 2068 ante
1021 2014 1224 2084 disputatorum

298 2082 505 2143 conciliandum
530 2080 578 2136 sit.
631 2082 664 2136 Εἴ
684 2081 879 2136 locutionibus
903 2080 1057 2154 πρόσειμιΙ
1079 2079 1158 2154 δεῖμα
1180 2091 1226 2140 aot

298 2159 412 2228 pultes,
438 2153 490 2209 νε.
508 2150 575 2216 838,
600 2158 629 2204 et
643 2146 816 2219 προεῆλθιε
832 2147 938 2221 δόμοις,
958 2152 1011 2210 νε.
1030 2154 1096 2220 tus,
1122 2171 1225 2224 perse

209 2246 231 2257 ··
299 2223 411 2296 quidem
430 2222 460 2276 in
480 2227 605 2274 neutram
624 2230 731 2290 partem
748 2220 852 2290 profici
870 2229 981 2292 potest;
1006 2223 1056 2276 sed
1074 2222 1151 2278 dicat
1171 2225 1224 2277 ali-

209 2317 212 2324 ·
239 2337 241 2342 ,
298 2294 375 2362 ouis,
392 2292 490 2345 velex
504 2305 549 2353 eo,
566 2289 642 2356 qnod
654 2289 773 2346 Orestes
791 2287 819 2342 iu
837 2291 891 2344 illo
911 2293 981 2345 loco'
992 2292 1027 2346 ad
1044 2291 1224 2348 simulacrum

296 2363 445 2420 Minervae
458 2355 617 2424 advenisse,
631 2356 660 2411 in
669 2356 741 2412 aliis
754 2358 799 2412 rel
817 2357 891 2412 idem
904 2361 1037 2432 amplexu
1050 2365 1157 2430 tenere,
1172 2363 1224 2419 νε.
1290 2387 1293 2394 -

210 2471 214 2479 .
295 2437 330 2489 88
347 2442 377 2487 et
393 2431 462 2494 ste,
487 2437 578 2494 atque·
590 2426 755 2494 custodire,
774 2426 825 2483 νε.
843 2430 893 2482 tlt
912 2445 972 2496 sq„
998 2432 1043 2485 rel
1063 2431 1155 2486 eidem
1173 2433 1224 2486 sd·

297 2502 408 2567 sidere,
426 2499 479 2555 Vs.
496 2498 547 2552 387
566 2504 595 2550 et
612 2497 679 2561 tlt,
697 2495 822 2559 dieitur,
841 2498 993 2566 consequi,
1011 2508 1042 2552 ut
1058 2499 1107 2554 lric
1124 2501 1225 2555 saltem

298 2573 330 2626 itt
349 2569 454 2638 templo
471 2564 579 2621 uersari
598 2565 766 2632 cogitandus
786 2565 843 2633 sit,
861 2583 944 2635 quum
963 2569 1038 2622 illud
1056 2567 1166 2637 signum
1185 2570 1225 2624 li·

297 2655 400 2709 gueum
417 2635 486 2705 quin
503 2650 535 2688 re
552 2632 581 2688 iu
599 2633 700 2688 intimo
719 2635 825 2704 templo
848 2634 971 2706 positum
994 2637 1084 2692 luerit
1100 2639 1225 2693 dubitari
1320 2687 1323 2694 .

297 2715 429 2776 nequeat
473 2703 580 2788 Eodem
600 2702 705 2758 ducunt
722 2705 823 2788 verbs,
858 2717 1012 2772 quaesunt
1030 2707 1082 2762 Vs.
1100 2710 1150 2763 trs
1168 2725 1224 2776 σφε
1282 2732 1286 2738 ·

296 2771 362 2856 ἤραο
378 2773 491 2830 iosias
506 2786 578 2840 eppe
594 2771 690 2838 ottae,
717 2789 812 2841 capros
827 2777 984 2842 προσίκτωρ.
1019 2777 1077 2830 llic
1096 2775 1170 2831 enim
1188 2793 1224 2830 ne

210 2877 213 2884 ·
297 2844 464 2910 vocabulum
483 2841 556 2895 tosto
573 2840 703 2895 domum
720 2842 886 2912 significare
902 2845 1050 2911 credatur,
1074 2857 1106 2901 ut
1123 2845 1224 2901 Stan-

296 2917 397 2983 leina
415 2913 619 2991 interpretetus
637 2920 698 2974 est,
727 2938 760 2950 -
772 2925 940 2980 quamquam
966 2929 999 2967 se
1021 2915 1113 2986 ipsunt
1131 2913 1223 2970 corri-

231 3000 244 3031 τ.
298 2999 369 3053 gens
385 2983 414 3036 in
432 2983 632 3036 conmentarto
649 2980 765 3033 uerbum
783 2995 875 3034 aram
893 2982 1108 3052 substituendo,
1137 3001 1223 3053 »quo-

201 3066 204 3074 ’
255 3091 260 3099 -
295 3055 371 3112 niam
396 3051 514 3106 Orestes
541 3059 603 3103 orat
629 3049 704 3103 intra
728 3049 825 3102 oedem
849 3049 1028 3119 Minervae,«
1047 3085 1080 3096 -
1115 3064 1144 3110 et
1168 3057 1224 3120 jam

296 3122 468 3178 scholiastes
486 3117 600 3203 cepisse
619 3119 732 3173 ridetur
755 3119 905 3173 secundnm
923 3122 995 3175 haec
1013 3122 1105 3194 ipsius
1122 3123 1223 3177 rerba:

207 3231 210 3238 .
250 3227 253 3236 .
296 3187 330 3246 ὂν
360 3186 463 3256 τρόπον
494 3188 614 3254 κᾳκεῖνοε
645 3185 960 3258 προεεεᾶθητο.τῷ
985 3189 1052 3260 ναῷ
1075 3188 1124 3244 τοῦ
1149 3189 1223 3254 Διός,

208 3301 212 3308 .
244 3279 247 3286 ·
295 3259 432 3342 prohibet
450 3257 497 3311 uel
515 3255 578 3309 solu
593 3255 801 3324 consideratio,
820 3273 924 3311 morem
943 3259 1035 3313 luisse
1052 3258 1223 3332 supplicum,

203 3380 207 3385 .
296 3347 329 3384 nn
354 3330 420 3382 loco
446 3325 605 3381 considere.
640 3325 726 3392 Atqui
751 3326 832 3380 locus
859 3327 888 3380 iu
911 3327 1003 3382 media
1026 3329 1094 3382 u'ede
1112 3328 1225 3382 solebat

207 3439 212 3450 .
296 3399 457 3454 collocatus
481 3410 553 3448 esse.
588 3393 668 3462 Ergo·
694 3393 778 3448 etiam
795 3396 927 3450 ‘Orestem
952 3397 1025 3450 intra
1049 3398 1146 3451 sedem
1164 3397 1223 3452 Illi-

211 3483 220 3498 ‘·
294 3483 399 3521 nervae
417 3473 576 3519 uersantem
598 3462 669 3532 fingi
684 3475 900 3518 consentaneum
919 3481 983 3520 esse
1000 3465 1090 3521 dicas.
1126 3465 1225 3521 Verba

258 3561 261 3566 ·
295 3533 352 3588 osia
368 3531 460 3603 δόμων
476 3531 612 3602 ἐφέστιον,
639 3547 711 3600 quae
730 3534 865 3602 leguntur
883 3534 933 3590 Vs.
950 3537 1019 3602 639,
1037 3534 1177 3590 noluerim
1195 3533 1224 3588 ia

208 3635 212 3642 ·
294 3603 532 3684 computetiopem
551 3617 661 3682 ¹uocare.
705 3601 767 3655 Jum
790 3619 859 3657 vero
877 3604 1013 3670 Orestes,
1046 3615 1077 3660 ut
1098 3603 1225 3673 liquete

208 3705 245 3732 η,
296 3675 378 3737 loeo,
399 3688 451 3741 qut
470 3681 576 3741 rnerprt
592 3685 609 3724 a
627 3669 677 3726 Vs.
694 3673 760 3738 utu,
785 3671 925 3740 quidquid
943 3675 1143 3736 contradicunt
1161 3674 1225 3728 Ge·

294 3743 417 3798 nullus
434 3741 456 3795 1.
474 3757 498 3794 e.
515 3757 542 3810 p.
559 3741 610 3794 228
633 3749 662 3794 et
685 3740 897 3796 Hermannus
921 3742 952 3796 in
975 3757 1052 3798 cens.
1079 3749 1106 3814 p:
1124 3745 1175 3811 ts,
1209 3760 1227 3797 a

287 3811 392 3866 ‚Furiis
410 3811 439 3863 in
457 3808 607 3887 orchestra
615 3808 801 3863 'versantibus
823 3811 943 3882 primum
961 3813 1225 3882 noaeonspieitur,

294 3881 370 3949 quod
400 3877 555 3948 permirum
582 3877 673 3931 vtderi
707 3878 812 3948 possit,
848 3879 988 3948 siquidem
1014 3879 1043 3936 in
1072 3883 1225 3954 proscenio

230 3991 248 4000 ..
295 3949 431 4020 proxime
448 3953 512 4001 ante
532 3947 632 4000 oculos
649 3963 743 4000 earum
761 3949 886 4004 sedebus
919 3949 972 4005 sto
989 3959 1080 4006 tamen
1099 3961 1225 4007 statuen-

295 4020 360 4074 dum
379 4017 453 4084 erit,
486 4015 515 4069 si
536 4015 672 4081 sumitur,
703 4017 1072 4084 prosceniuminteriorem
1090 4017 1226 4076 Minerrii

150 4119 154 4123 ·
216 4122 219 4143 ε
253 4119 256 4140 =
296 4097 405 4163 purtem
424 4093 661 4156 repraesentasse.
698 4085 767 4144 Gum
785 4087 835 4142 νε.
856 4088 922 4155 248,
950 4097 1013 4147 utut
1029 4092 1067 4147 de
1085 4091 1227 4161 scriptura
