2796 4694
1171 377 1175 384 s

1126 373 1154 464 ³
1160 455 1164 464 ι

1161 469 1163 477 ι

122 541 315 629 explicandi
345 531 513 630 'rationem
543 549 728 606 monstrant
755 541 825 610 loci
855 543 1026 632 Euripidis
1053 553 1153 632 atque

122 627 282 709 Aeschyli
305 646 405 730 supra
426 627 529 692 citati.
572 627 635 696 ,lbi
657 629 745 690 enirn
773 635 815 690 ut
836 625 926 694 άκιαῖ
945 626 1096 702 Μυκόνου
1116 642 1152 698 et

121 711 242 788 Δηλδαι
268 711 412 794 χοιράδες
441 712 632 790 conjunctae
656 719 736 774 sunt
764 709 878 782 eedem
909 715 1152 801 significatione

122 799 191 861 vel.
209 793 298 860 ἀκταὶ
324 793 468 880 χοιράδος
496 817 527 858 rs
555 814 652 868 uuam
674 797 768 876 queri
795 799 962 860 notionem
992 801 1150 880 efficiunt,

79 945 83 952 ,
122 883 176 944 sie
196 882 295 943 etiem
323 889 436 944 nostro
465 880 539 942 loeo
567 875 654 942 illud
673 879 794 953 Δηλίαν
821 903 852 942 ss
878 879 1012 963 χοιράδα
1039 892 1159 948 terem·

104 963 205 1029 ,dum
237 973 286 1031 est
322 971 355 1024 et
386 971 539 1044 respectu
572 959 615 1023 ad
646 965 815 1044 sequeutia
842 966 943 1029 verba
973 961 1069 1039 ἀκτάς
1095 963 1151 1041 τάς

126 1044 294 1121 Παλλάδος
328 1056 521 1129 usurpatum
557 1043 749 1129 putandum.
812 1047 870 1110 Eat
900 1051 947 1110 ita
979 1048 1020 1112 de
1048 1051 1154 1116 litore¹

123 1131 299 1214 scopuloso
322 1128 583 1217 intelligendum.
628 1129 789 1211 Quorsum
803 1133 947 1214 pertinet
958 1133 1067 1220 glossa
1086 1133 1150 1217 Cy-

125 1218 201 1280 rilli
233 1213 319 1298 apud
343 1216 431 1300 ,uisu
463 1212 505 1274 ed
536 1215 680 1295 Hesych.
710 1234 735 1276 s.
765 1235 797 1278 v.
832 1213 995 1298 χοιράδες,
1031 1223 1152 1298 πετρῶν

126 1299 234 1384 ὄχθαι.
279 1298 329 1360 Ita
355 1294 528 1380 Euripides
553 1295 710 1361 Androm.
733 1295 775 1364 V.
800 1301 992 1366 12691dicit
1015 1299 1150 1386 χοιράδα

125 1381 285 1464 Σηπιάδα,
309 1401 405 1466 quam
420 1379 638 1460 Herod.,VIl,
656 1381 728 1456 183,
745 1381 826 1451 alib.
842 1379 936 1459 άκτάι
948 1389 988 1446 Σ.
1031 1385 1150 1450 Simile

77 1489 80 1494 ·
126 1479 178 1532 est
198 1468 335 1532 verbum
355 1467 395 1546 ῥα
416 1465 447 1526 le
467 1465 576 1528 Prom.
598 1465 670 1528 714
714 1462 829 1548 Neque
851 1469 886 1528 iu
906 1467 1069 1554 singulari
1090 1489 1151 1548 nu·

126 1570 222 1616 mero
243 1488 490 1625 offendendum,
518 1567 617 1629 quum
639 1544 726 1629 apud
746 1548 938 1632 Euripidem
966 1551 1006 1613 de
1035 1550 1150 1616 eedem

127 1657 166 1698 re
186 1634 336 1780 lmorazia
357 1634 425 1776 sito.a
458 1631 690 1776 1)οῐοεξ11ρριίιρρ1
698 1632 862 1778 vocabullit
881 1636 1071 1780 tepminatio
1091 1656 1151 1782 t03:1-

350 1735 496 1776 orms
593 1735 658 1776 ‘ru
757 1735 780 1776 u

127 1737 303 1878 bitti,
323 1728 1151 1880 identidem,bd222,¹2²1·⁸mdfduff”2an¹3

128 1884 205 1947 dem
225 1886 292 1946 vim
314 1882 422 1945 habet.
455 1879 619 1958 ¹Ceterum
639 1901 753 1945 vocem
767 1883 871 1963 λίμνην
892 1884 977 1955 male
997 1886 1151 1950 nonnulli

129 1967 171 2032 de
192 1971 276 2030 mari
298 1966 499 2053 intelligunt.
545 1965 753 2028 Vocabulum
772 1969 893 2044 Δηλίου
914 1964 956 2029 ed
975 1978 1152 2053 utrumque

129 2053 310 2121 sententiae
337 2051 518 2114 membrum
551 2051 713 2133 pertinet,
747 2048 944 2138 indigitante
971 2055 1035 2132 jam
1063 2056 1151 2137 posi·

129 2140 222 2212 tione
250 2137 327 2216 ejus.
384 2131 472 2196 Vide
499 2132 540 2196 de
568 2133 630 2195 hae
661 2152 699 2194 re
727 2132 847 2196 Matth.
877 2134 936 2197 Gr.
967 2135 1024 2200 Gr.
1048 2138 1091 2205 11.
1122 2137 1150 2221 5.

130 2222 202 2296 428,
217 2221 248 2296 4,
266 2219 325 2282 ubi
337 2220 428 2280 locus
441 2216 518 2280 Eur.
538 2217 644 2282 Orest.
667 2217 709 2280 V.
723 2220 785 2284 eoo
800 2239 949 2306 maguam
963 2219 1059 2284 iidem
1071 2224 1153 2286 iecit

128 2305 268 2384 lectioni
287 2302 412 2386 βροτοῖς
432 2301 548 2383 δέρος,
571 2302 683 2386 algam.
705 2301 748 2368 V.
770 2305 808 2378 5,
839 2322 921 2384 quae
942 2307 1047 2368 estin
1070 2302 1150 2370 Cod.

131 2388 218 2452 Ven.
243 2387 330 2449 Flor.
353 2387 445 2448 Fern.
468 2385 604 2460 Porsen.
633 2393 667 2446 et
685 2384 811 2471 Pllugk.
840 2384 882 2447 ed
903 2387 980 2452 Eur.
1002 2386 1085 2453 Her.
1111 2389 1150 2454 V.

131 2477 203 2549 370.
225 2469 317 2534 Adde
337 2470 414 2530 Eur.
439 2468 544 2530 Orest.
567 2466 609 2531 V.
632 2470 695 2532 972
720 2465 844 2547 μόλοιμι
868 2463 924 2531 τάν
945 2467 1079 2552 οὐρανοῦ
1099 2474 1153 2534 καὶ

144 2561 157 2634 ΙΙ
173 2554 291 2635 μέσον
320 2548 435 2637 χθοαός
460 2549 619 2632 τεταμέναν
639 2554 652 2627 ΙΙ
668 2549 848 2632 αἰωρήμασι
867 2551 991 2636 πέτραν.
1050 2552 1153 2620 simi.

132 2642 198 2703 lem
219 2659 288 2702 esse
309 2637 561 2709 collocationem
582 2638 864 2719 praepositionum
886 2636 1152 2708 notavitMattb.

132 2725 155 2790 l.
178 2725 220 2800 1.‚
238 2720 290 2792 ‚de
314 2740 378 2803 qua
406 2718 492 2781 dixit
518 2717 545 2802 §.
567 2720 647 2794 595,
669 2721 700 2782 4.
757 2719 879 2784 Veram
912 2723 979 2801 ejus
1007 2741 1155 2788 caussam
1262 2773 1264 2782 .

10 2819 32 2896 1'
134 2808 264 2891 aperuit
291 2805 418 2870 Dircen.
442 2801 484 2864 ad
507 2802 602 2868 Pind.
624 2802 720 2866 Nem.
742 2800 791 2880 X,
813 2805 865 2868 38.
919 2805 1017 2870 Licet
1043 2815 1154 2872 autem

133 2892 218 3035 Ῑρρηο
234 2891 393 3040 8regulam
422 2888 528 2951 multo
549 2888 737 2975 generalius
758 2888 886 2970 eloqui3
919 2888 997 2952 uide
1024 2907 1084 2953 nos
1110 2889 1155 2956 ed
1247 2947 1251 2956 ,

165 2998 191 3039 a.
215 2979 230 3038 1
256 2979 285 3038 0.

215 3057 268 3122 Ad
287 3056 344 3120 Vs.
370 3058 408 3122 15
430 3064 463 3119 et
485 3060 525 3122 16
552 3074 619 3118 non
640 3073 770 3138 possum
782 3097 793 3134 ,
827 3055 908 3138 quin
936 3057 1084 3140 breviter
1104 3057 1156 3124 di·

135 3164 205 3208 cam
226 3141 267 3205 de
288 3140 442 3217 scholiis,
465 3141 527 3203 hoc
548 3142 641 3217 loco,
663 3147 701 3201 nt
722 3141 874 3217 omnino,
896 3144 1091 3223 praesertim
1112 3143 1154 3206 ab

135 3228 234 3290 initio
243 3225 388 3304 'fabulae
402 3221 498 3289 valde
512 3225 677 3302 corruptis
694 3223 907 3306 turbatisque.
952 3223 1155 3309 Quamquam

157 3320 261 3374 artem
292 3311 407 3372 saltem
444 3327 563 3391 operae
599 3307 744 3371 feliciter
777 3308 842 3386 jam
866 3307 1019 3390 'snsce'pit
1049 3310 1085 3370 in
1119 3330 1155 3374 se

135 3333 314 3476 dustein,
345 3412 480 3456 monens
506 3392 607 3457 verbe
633 3388 711 3454 inde
738 3389 778 3455 ab
800 3386 1034 3473 Ἐπαφρόδιτος
1053 3411 1156 3476 usque

135 3476 177 3542 ad
206 3481 236 3544 οἱ
255 3479 393 3559 Δελφοί,
423 3472 518 3540 antea
546 3478 654 3560 primo
683 3473 813 3536 fabulae
840 3478 952 3539 versui
977 3475 1155 3560 adscripta,

135 3561 361 3626 transferenda
387 3581 457 3624 esse
485 3559 527 3623 ad
548 3559 606 3625 Vs.
630 3563 680 3626 16.
744 3555 835 3618 Idem
859 3559 950 3622 valet
970 3557 1013 3624 de
1032 3561 1155 3638 verbis,

136 3666 218 3730 quae
245 3647 314 3709 illis
342 3644 588 3729 excipiebantur
618 3644 656 3706 in
674 3639 875 3716 editionibus
896 3641 973 3711 inde
993 3663 1014 3706 a
1037 3642 1156 3708 utsta-

139 3727 194 3813 ρός
216 3753 294 3812 φησι
314 3751 415 3813 usque
435 3729 511 3804 adsi
529 3731 586 3804 Γῆ,
610 3729 743 3791 minime
761 3723 957 3788 divellendis
978 3749 998 3790 a
1018 3747 1156 3810 sequen·

136 3815 233 3878 tibus.
276 3814 390 3897 Neque
418 3815 505 3879 euim
534 3817 570 3876 in
599 3813 642 3874 iis
669 3813 736 3874 tam
764 3805 804 3870 de
825 3807 932 3872 Terra
957 3829 1066 3876 sermo
1095 3819 1155 3891 est,

137 3914 233 3984 qnam
265 3897 306 3961 de
333 3896 505 3982 Apolline,
540 3897 594 3960 vel
624 3896 735 3978 potius
756 3890 797 3954 de
823 3895 969 3971 ratione,
1007 3915 1071 3977 qua
1101 3895 1157 3956 bic

138 3983 271 4046 oraculo
293 3982 455 4063 Delphico
476 3983 601 4064 potitus
628 3981 689 4054 sit,
719 3985 757 4038 ut
778 3995 843 4038 non
865 3974 1022 4056 dubitare,
1045 3978 1156 4053 liceat,

137 4070 215 4151 quin
236 4068 338 4133 verba
357 4067 437 4130 haec
457 4067 612 4150 primitus
637 4059 804 4142 adscripto
826 4060 953 4126 fuerint
971 4057 1015 4126 cd
1035 4060 1093 4124 Vs.
1116 4061 1157 4129 lo
1220 4091 1223 4102 .

911 4194 955 4266 l*
