2728 4690
264 369 339 444 202

262 542 490 626 praevaleant?
511 542 679 624 praeire
701 560 758 601 me
780 547 965 621 oportet,
986 549 1024 602 ut
1038 541 1199 604 Minerva
1222 565 1288 607 non

264 628 373 688 statim
393 633 468 707 post
486 643 615 687 versum
635 625 696 688 985
718 624 827 699 abeat,
862 621 918 683 sed
939 643 979 683 ex
1000 629 1072 706 ipso
1095 626 1232 689 theatro
1255 633 1289 689 in

263 713 372 770 fronte
404 727 541 790 pompae
560 704 753 771 Eumenidas
776 705 873 767 ducat
893 704 934 766 ad
957 706 1046 768 sedes
1076 711 1160 789 ipsis
1191 714 1287 772 testi-

264 801 364 854 natas.
408 788 473 852 Sed
494 809 567 852 cum
588 791 664 868 alia,
686 789 726 850 de
748 791 864 876 quibus
885 809 991 874 supra·
1004 811 1037 872 p.
1061 795 1121 855 190
1142 813 1191 875 sq.
1216 814 1286 856 mo-

263 876 369 936 nitum
402 881 466 950 est,
499 875 602 960 magis
629 877 739 935 favent
765 874 940 954 uerborum
969 875 1106 935 illorum
1135 879 1283 956 explica-

262 959 348 1019 tioni
369 957 409 1019 ab
429 957 618 1020 Hermanno
638 959 845 1039 propositae,
877 965 964 1032 tum,
995 957 1030 1017 id
1061 958 1150 1040 quod
1178 962 1284 1042 probe

262 1039 449 1119 tenendum,
478 1042 544 1102 nisi
565 1041 648 1101 hanc
666 1041 826 1122 sequeris,
854 1059 921 1101 non
949 1042 1070 1121 liquet,
1104 1041 1187 1125 quid
1217 1046 1282 1106 sibi

261 1125 365 1188 velint
385 1127 567 1206 sequentia:

383 1209 468 1288 ὑμεῖς
489 1205 514 1269 δ’
535 1207 720 1289 ἡγεῖσθε,
742 1209 951 1291 πολισσοῦχοι,

382 1293 488 1364 παῖδες
508 1295 671 1374 Κραναοῦ,
693 1291 793 1362 solede
814 1294 972 1369 μετοίκοις.

258 1378 385 1441 Mirum
411 1378 498 1438 enim
527 1385 627 1452 esset,
652 1378 683 1437 si
702 1375 871 1453 Minerva,
899 1385 1069 1458 postquam
1101 1378 1206 1458 dixit,
1245 1404 1279 1446 se

258 1463 388 1544 praeire
417 1460 504 1532 velle
542 1467 694 1541 tanquam
730 1455 910 1539 προπομπὸν
940 1459 1175 1542 Eumenidum,
1213 1467 1278 1544 jam

259 1544 345 1606 idem
372 1552 410 1605 ιιι
435 1544 558 1605 faciant
576 1543 782 1628 Areopagitis
811 1543 989 1606 mandaret.
1054 1544 1120 1610 Sed
1142 1549 1277 1611 tollitur

258 1629 315 1691 bic
338 1628 527 1709 scrupulus,
557 1628 586 1689 si
607 1629 751 1709 priorem
782 1626 888 1686 locum
915 1629 962 1688 sic
990 1632 1117 1710 capias,
1148 1639 1188 1692 ut
1208 1631 1277 1694 Mi-

257 1733 357 1774 nerva
377 1710 482 1786 dicat,
503 1730 538 1773 se
559 1713 650 1793 prius
671 1708 825 1772 decedere
845 1710 947 1788 velle,
968 1719 1006 1771 ut
1025 1714 1157 1776 scilieet
1176 1717 1276 1776 mini-

247 1806 341 1857 stras
363 1815 435 1856 suas
456 1804 489 1856 et
510 1804 633 1856 ceteras
653 1812 806 1877 personas
827 1791 869 1854 ed
895 1813 1047 1877 pompam
1068 1799 1274 1879 pertinentes

257 1881 310 1942 vel
332 1881 504 1941 conveniat
523 1881 587 1958 jam
608 1885 818 1964 congregatas
839 1877 874 1937 in
891 1878 1001 1938 vicino
1022 1879 1166 1960 quodam
1186 1883 1274 1961 loco,

256 1965 321 2041 vel,
343 1961 378 2022 id
399 1958 485 2044 quod
507 1963 609 2022 multo
630 1961 853 2035 verisimilius,
875 1969 914 2020 ut
932 1981 1030 2043 supra
1045 1964 1275 2051 Areopagitas,

257 2053 397 2106 arcessat
422 2045 521 2106 etiam
550 2054 619 2106 tum
646 2065 712 2106 non
737 2051 937 2125 praesentes,
970 2053 1003 2105 et
1029 2044 1186 2128 deinceps
1213 2051 1276 2110 Eu-

256 2127 418 2205 menidas,
454 2124 643 2189 ducentibus
678 2127 884 2211 Areopagitis
919 2146 938 2188 e
975 2130 1065 2208 loco,
1100 2131 1161 2192 ubi
1195 2132 1274 2195 haec

257 2213 367 2272 onmia
388 2218 544 2296 aguntur,
579 2229 739 2297 egressas,
771 2213 912 2292 excipiat
939 2220 1034 2293 atque
1062 2214 1213 2295 ipsarum
1235 2216 1275 2277 ad

255 2293 346 2358 sedes
367 2291 464 2355 ducat
483 2313 601 2376 pompa
621 2295 776 2368 solemni5
806 2295 944 2356 alterum
965 2315 1043 2358 vero
1065 2301 1123 2376 ite,
1146 2307 1188 2361 ut
1210 2320 1274 2361 non

255 2377 296 2443 de
315 2381 461 2462 propria,
481 2387 518 2438 ut
538 2381 584 2438 ita
606 2376 721 2452 dicam,
742 2398 871 2459 pompa,
894 2378 963 2439 Vss.
986 2381 1048 2444 959
1069 2390 1103 2442 et
1123 2385 1191 2447 976
1206 2405 1272 2466 sqq.
1332 2433 1333 2440 ,

253 2465 452 2551 significata,
474 2481 579 2524 sermo
601 2464 660 2539 sit,
691 2459 747 2523 sed
768 2470 806 2521 ut
827 2462 1033 2547 Areopagitis
1054 2461 1273 2529 demandetur

253 2551 437 2633 negotium,
460 2545 653 2606 Eumenidas
675 2565 715 2606 ex
736 2565 774 2606 eo
796 2546 888 2622 loco,
920 2546 977 2606 ubi
997 2548 1061 2626 jam
1081 2561 1274 2627 versantur,

253 2629 443 2694 deducendi.
495 2629 600 2712 Atque
627 2629 725 2704 illud,
755 2636 792 2688 nt
812 2648 869 2690 eae
896 2631 1052 2714 feminae,
1084 2651 1171 2712 quae
1202 2643 1274 2696 tan-

253 2735 349 2800 quam
381 2733 518 2795 pompae
552 2716 768 2775 interfuturae
795 2722 1017 2774 memorantur
1043 2713 1102 2775 Vs.
1125 2719 1191 2780 979
1214 2740 1273 2800 sq,
1330 2745 1331 2829 p

253 2799 394 2880 exceptis
414 2796 584 2861 Minervae
605 2798 782 2872 ministris,
814 2793 855 2856 de
876 2798 1010 2877 quibus,
1039 2806 1076 2859 ut
1097 2799 1202 2862 modo
1223 2807 1275 2864 vi-

252 2881 376 2957 dimus,
397 2881 497 2942 aliter
517 2898 612 2962 quam
634 2899 692 2939 nos
714 2881 831 2955 sentit,
854 2897 919 2938 non
941 2899 981 2940 ex
1002 2879 1174 2944 orchestra
1197 2905 1274 2945 cum
1329 2911 1330 2995 p

251 2967 377 3046 reliqua
398 2983 515 3047 pompa
536 2962 780 3048 progredientes
795 2961 992 3046 'cogitandae
1013 2967 1096 3040 siut,
1118 2967 1188 3045 jam
1209 2969 1276 3030 Ge-

251 3049 356 3109 nellus
379 3049 399 3111 l.
423 3069 450 3112 c.
483 3056 551 3111 not.
573 3051 614 3111 69
640 3057 706 3107 tem
734 3055 983 3108 consentancum
1009 3045 1190 3127 judicavit,
1236 3064 1277 3112 ut
1328 3089 1329 3116 ι

249 3134 302 3195 vel
323 3151 435 3214 perse
456 3133 600 3217 intelligi
620 3131 787 3192 scriberet.
837 3126 887 3191 Ad
910 3127 1001 3190 deam
1022 3142 1131 3192 autem
1160 3136 1275 3218 ipsam
1328 3119 1329 3161 ¹

250 3215 337 3297 quod
359 3219 491 3293 attinet,
511 3235 571 3296 per
593 3222 640 3275 est
662 3216 797 3289 mirum,
819 3213 1143 3296 quodHermanuum
1166 3239 1276 3300 supra

250 3297 292 3360 ed
311 3297 367 3359 Vs.
384 3303 444 3362 957
462 3320 507 3380 sq.
529 3297 669 3359 vidimus
692 3298 850 3370 statuisse,
873 3297 963 3357 abire
985 3317 1066 3374 eam,
1090 3319 1167 3362 »um
1190 3323 1276 3364 vor.

249 3385 451 3466 auszugehen
472 3380 538 3442 und
559 3379 621 3443 den
639 3381 803 3460 Erinnyen
826 3382 898 3442 ihre
907 3379 1143 3466 Wolmungen,
1165 3403 1276 3449 wenn

248 3469 296 3528 sie
319 3467 381 3526 mit
411 3466 482 3528 dem
503 3464 700 3549 Facltelnuge
727 3463 877 3524 lommen
907 3464 1058 3541 werden,
1096 3474 1276 3532 annuwei·

247 3569 333 3614 sens<
378 3551 440 3631 Qui
463 3553 564 3626 enim,
587 3566 721 3630 quaeso,
749 3555 786 3607 ut
808 3548 869 3608 hoc
890 3567 989 3607 unum
1010 3569 1180 3631 moneam,
1215 3574 1277 3616 re-

248 3637 352 3714 periri
392 3635 527 3695 thalami
557 3630 770 3693 Eumenidum
802 3641 970 3712 poterant,
1010 3629 1108 3712 quum
1140 3638 1278 3698 nullibi

247 3721 430 3780 accuratius
459 3717 626 3797 descripti,
649 3717 732 3790 sint,
776 3717 846 3796 ipsa
876 3733 942 3774 non
973 3714 1133 3778 ducente?
1178 3720 1279 3782 Nam

245 3805 362 3864 falsum
383 3821 451 3862 esse
471 3799 559 3861 istud
579 3802 645 3860 viri
667 3799 755 3860 docti
777 3799 947 3880 placitum,
977 3800 1030 3860 vel
1052 3801 1123 3881 ipsa
1145 3814 1278 3883 poetae

245 3887 362 3965 verba,
392 3885 447 3947 Vs.
470 3887 532 3949 976
553 3903 657 3966 seqq„
689 3901 825 3968 arguere
853 3889 1024 3963 poterant,
1060 3893 1099 3942 ut
1120 3886 1278 3948 alterum

245 3971 353 4030 locum
382 3971 586 4044 omittamus,
615 3968 670 4048 qui
699 3975 746 4025 est
766 3966 824 4028 Vs.
847 3968 907 4030 957
929 3985 1032 4047 seqq„
1071 3969 1199 4050 quippe
1239 3974 1279 4030 in

245 4071 309 4132 quo
330 4073 349 4113 a
371 4053 464 4116 nobis
478 4051 604 4114 demum
618 4046 784 4115 vindicata
798 4053 841 4111 sit
862 4050 1022 4116 librorum
1043 4069 1139 4116 mser.
1161 4055 1278 4116 lectio
1320 4021 1323 4161 l
