2770 4690
222 325 343 402 XLIV

223 505 366 580 Orestes
406 527 449 576 ex
490 503 651 600 ipsarum
695 502 856 577 custodia
894 527 1021 579 sontno
1055 519 1245 602 captarum

222 632 262 681 se
301 603 511 678 subduxerit
550 605 701 700 (stroph.
730 607 785 698 l);
835 605 960 692 deinde
996 607 1034 680 in
1068 608 1247 703 Apollinis

119 719 121 722 ’
220 706 454 782 furacitatem
491 705 729 796 invehuntur,
778 704 841 801 qui
883 707 1022 800 juvenis
1062 708 1245 784 veteribus

220 805 430 895 numinibus
468 806 685 902 proculcatis
723 809 919 902 supplicem
957 833 1085 900 suum,
1127 809 1246 882 homi-

220 931 306 984 nem
342 907 500 1004 impium
535 923 570 980 et
612 907 833 1004 parricidam
845 963 856 998 ,
904 909 1035 982 furtim
1070 909 1246 1006 eripuerit

218 1024 362 1108 praeter
396 1009 453 1104 jus
489 1008 612 1104 fasque
638 1009 793 1102 (antistr.
822 1010 904 1102 1);Ι
925 1024 1004 1090 tum
1041 1037 1168 1084 rursus
1203 1010 1246 1084 de

318 1255 363 1296 me
382 1239 479 1292 eadem
497 1237 533 1290 de
550 1251 664 1300 caussa,
692 1244 721 1288 et
739 1244 816 1288 recte
834 1235 961 1303 quidem,
992 1238 1075 1292 modo
1092 1255 1126 1292 ea
1142 1239 1245 1294 idonea

320 1318 416 1372 esset,
451 1318 620 1378 postremum
651 1305 891 1369 amplectebantur
918 1309 1141 1382 Hermpnnus
1174 1311 1243 1362 olim

320 1378 451 1446 quidem,
477 1393 551 1429 nunc
569 1375 641 1428 enim
659 1389 742 1440 quum
760 1373 940 1428 Furias‘cum
961 1378 1015 1429 hoc
1033 1377 1157 1430 carmine
1174 1375 1244 1431 nati

318 1450 436 1510 cecinens
459 1443 634 1516 processisse
652 1441 812 1510 existimet,
840 1461 877 1496 ex
895 1461 944 1511 eo,
978 1447 1053 1512 quod
1072 1447 1100 1499 in
1120 1463 1195 1500 cens.
1215 1467 1243 1529 p.

225 1561 227 1566 .
318 1519 353 1572 19
373 1517 472 1584 legere
490 1524 549 1579 est,
564 1529 568 1538 ·
581 1513 731 1566 secundum
750 1529 859 1566 carmen
879 1531 933 1566 non
952 1531 1037 1584 posse
1055 1515 1244 1586 antistrophr-

307 1599 381 1640 'cum
399 1600 478 1650 esse,
497 1583 602 1652 quippe
620 1599 681 1635 cum
701 1599 756 1648 quo
774 1583 879 1635 Furiae
896 1580 1049 1651 σποράδην,
1066 1583 1085 1636 i.
1103 1602 1128 1637 e.
1145 1584 1244 1652 singu-

320 1655 367 1708 lae
392 1655 472 1707 nullo
499 1663 577 1706 certo
602 1653 720 1716 ordine,
755 1651 934 1722 prodierint,
969 1669 1002 1706 an
1025 1653 1138 1706 eandem
1164 1655 1243 1706 illam

319 1723 485 1779 sententiam
505 1732 612 1784 teneat,
640 1721 776 1773 incertum
794 1730 838 1774 est
855 1751 904 1786 —,
930 1721 1111 1775 Genellus
1129 1724 1149 1776 l.
1170 1739 1193 1775 c.
1214 1741 1242 1792 p.

318 1795 386 1856 226,
405 1792 662 1854 Lachmannus,
681 1791 957 1856 Bambergerus,
977 1792 1024 1857 qui
1044 1791 1156 1857 quidem
1176 1793 1242 1845 ideo

317 1863 455 1914 notandus
474 1866 534 1923 est,
568 1859 641 1925 quod
661 1857 844 1911 nihilominus
865 1860 1038 1928 ecclyclema
1059 1865 1157 1914 tactum
1177 1877 1243 1914 esse

317 1930 417 1984 statutt
433 1945 461 1998 p.
477 1929 520 1980 41.
553 1926 615 1980 Jam
632 1926 706 1992 quod
725 1928 759 1979 ad
778 1941 901 1980 caussam
921 1929 998 1982 illam
1017 1930 1135 1997 attinet,
1159 1946 1241 1996 quam

316 2015 370 2068 pro
388 2013 438 2050 sua
455 1995 594 2051 sententia
611 1993 710 2049 attulit
727 1995 979 2063 Boettigerns,
1010 2015 1040 2052 su
1066 2015 1095 2051 ra
1112 1999 1242 2068 disputa·

316 2078 375 2122 tum
393 2075 451 2129 est,
484 2081 585 2118 scenae
604 2065 739 2118 rationem
758 2065 843 2117 aliam
860 2063 950 2119 luisse
967 2077 997 2122 et
1015 2017 1098 2122 taient
1116 2070 1240 2134 quidem,

317 2151 389 2204 quae
406 2151 461 2187 non
478 2134 660 2205 prohiberet,
694 2135 841 2198 quominus
865 2135 971 2188 demum
990 2148 1055 2206 post
1072 2137 1123 2192 Va.
1141 2139 1191 2190 137
1211 2139 1242 2190 in

316 2214 495 2273 conspectum
513 2203 663 2270 prodirent
679 2200 794 2256 Furiae.
829 2205 921 2256 Porro
940 2205 1022 2258 etiarn
1042 2223 1145 2272 exeo,
1164 2209 1242 2273 quod

295 2295 298 2302 ·
315 2275 413 2327 Furiis
430 2269 567 2340 σποράδην
585 2271 754 2325 introductis
772 2273 902 2328 evenisse
919 2275 1114 2341 grammaticus
1132 2286 1239 2341 narrat,

315 2343 387 2398 licet
404 2343 549 2406 fabuloso,
569 2341 647 2395 ellici
667 2341 790 2405 videtur,
816 2343 864 2395 hic
884 2356 962 2396 certe
980 2345 1101 2398 utillud
1120 2355 1174 2400 tum
1194 2347 1241 2398 la-

287 2459 289 2466 .
314 2424 387 2467 ctum
405 2427 469 2466 esse
486 2410 652 2477 crediderit,
672 2427 754 2478 quum
773 2411 842 2465 illae
857 2411 976 2482 primum
996 2415 1151 2483 prodirent,
1171 2415 1240 2480 quia

313 2484 385 2537 hanc
408 2481 585 2553 procedendi
608 2481 745 2533 rationem
764 2482 851 2534 solam
872 2498 972 2548 perse
990 2482 1037 2536 vix
1057 2484 1096 2536 ita
1114 2484 1239 2538 movisse

314 2561 489 2622 spectatores
513 2560 614 2620 putare
637 2560 750 2620 poteret
773 2553 828 2616 jam
846 2550 881 2603 ad
906 2551 1051 2605 horridum
1076 2569 1168 2606 earum
1187 2554 1239 2607 ad·

314 2631 440 2702 spectum
459 2630 623 2685 auctumque
640 2635 781 2672 numerum
800 2619 941 2674 adsuetos.
977 2621 1033 2674 Sed
1053 2631 1082 2674 ut
1101 2624 1171 2675 hanc
1190 2639 1238 2675 ra-

314 2701 418 2744 tronem
436 2687 572 2741 leviorem
586 2701 649 2742 esse
667 2689 766 2756 fatear,
785 2689 830 2742 vel
848 2705 900 2758 per
918 2703 949 2742 se
964 2702 1177 2744 consentaneum
1193 2702 1239 2746 est

313 2769 430 2830 putare,
457 2757 575 2822 Furias,
602 2772 657 2824 qua
673 2769 738 2812 sunt
754 2755 938 2821 condicione,
973 2760 1073 2812 dolore
1091 2774 1174 2826 atque
1193 2759 1237 2815 ira

313 2837 343 2882 et
365 2826 561 2893 indignatione
579 2839 728 2880 commotas
748 2833 803 2881 nou
827 2827 975 2880 ordinibus
999 2827 1149 2884 instructas
1167 2847 1237 2898 pro-

313 2895 406 2962 disse,
424 2896 475 2949 sed
492 2896 625 2967 sparsim,
643 2906 728 2964 prout
746 2912 873 2963 quaeque
890 2913 906 2948 e
922 2901 1026 2957 somno!
1035 2899 1238 2968 expergefacta

312 2975 391 3031 erat,
410 2966 588 3035 prorupisse.
621 2964 683 3018 Jam
698 2981 765 3018 vero
780 2982 833 3034 ego
846 2965 960 3030 quidem
975 2968 1146 3036 putaverim,
1165 2969 1235 3022 cho·
1275 3007 1279 3014 .

312 3051 373 3089 rum
392 3034 466 3087 inter
483 3035 636 3089 canendum
654 3034 768 3088 ordines
788 3033 981 3102 explicuisse,
1016 3037 1081 3101 quia
1099 3036 1237 3090 antistro-

311 3103 398 3176 phica
415 3117 517 3157 censeo
543 3119 605 3156 cum
623 3102 709 3156 certis
734 3119 912 3172 personarum
930 3104 1101 3160 stationibus
1119 3108 1237 3173 conjun-

311 3183 356 3228 cta
373 3171 479 3236 luisse,
504 3171 600 3239 aliqua
618 3181 695 3226 certe
714 3173 837 3237 ratione,
864 3174 1046 3239 nequeenim
1065 3176 1237 3242 negaverim,

312 3241 410 3297 nescio
429 3242 545 3306 saltem,
577 3241 737 3306 hujusmodi
756 3241 925 3295 canticorum
944 3244 996 3296 hac
1015 3243 1045 3296 in
1063 3260 1161 3297 caussa
1179 3261 1236 3298 non

201 3323 204 3335 '
263 3317 264 3320 ’
312 3312 427 3366 eandem
444 3325 562 3395 prorsus
580 3308 715 3363 rationem
733 3310 838 3378 luisse,
857 3319 941 3378 atque
959 3329 1054 3365 eorum
1073 3313 1235 3379 carminum,

311 3396 384 3446 quae
402 3397 517 3448 στασιμα
543 3379 732 3448 appellantur.
768 3379 826 3433 Sed
852 3397 910 3434 eam
934 3380 1065 3436 stationis
1087 3382 1236 3447 rationem,

310 3450 347 3502 de
364 3463 419 3515 qua
436 3448 638 3502 Muellerus
655 3449 690 3502 ad
708 3450 823 3505 Eumen.
842 3468 869 3520 p.
887 3452 920 3503 st
939 3451 1090 3517 cogitavit,
1110 3450 1235 3504 liberio-

311 3535 369 3572 rem
387 3533 451 3571 esse
469 3534 587 3580 censeo,
620 3527 650 3572 ut
667 3518 810 3585 singulas,
843 3535 912 3586 quas
930 3523 991 3585 ejus
1010 3536 1122 3574 caussas
1139 3521 1235 3586 affert,

311 3587 427 3640 idoneas
454 3603 518 3639 esse
543 3602 626 3654 nego.
670 3587 765 3642 Porro
789 3591 880 3641 statuo
906 3604 966 3642 cum
989 3589 1236 3657 Bambergero

311 3667 395 3722 atque
413 3655 626 3720 Hermanno,
657 3655 707 3724 qui
725 3657 760 3710 de
778 3658 831 3710 hac
849 3673 881 3710 re
898 3656 976 3711 dixit
993 3656 1072 3712 illins
1090 3675 1236 3712 censorem

306 3741 327 3777 a
348 3740 398 3778 ens
422 3724 450 3778 in
476 3725 580 3780 Dium.
605 3726 740 3780 scholast.
759 3725 985 3792 Zimmermanni‚
1013 3743 1037 3782 a.
1057 3729 1137 3795 1835,
1163 3739 1234 3784 sect.

216 3831 219 3838 ·
312 3741 355 3860 ti,
371 3811 401 3862 p.
418 3796 484 3860 275,
509 3795 624 3848 chorum
641 3792 710 3848 sard
729 3797 847 3860 scalpens
866 3795 1030 3850 instructum
1050 3796 1140 3850 luisse
1156 3794 1235 3851 inter

311 3863 472 3916 canendum.
513 3863 594 3918 cuod
612 3863 687 3916 enim
704 3865 945 3918 Lachmannus
964 3866 1080 3918 eundem
1099 3861 1168 3918 sard
1186 3867 1233 3928 ζυ-

309 3929 342 4001 γά
366 3931 497 4018 prodisse
519 3931 688 3997 autumavit,
720 3949 774 3987 nac
792 3933 855 4003 ipse
872 3933 1007 3986 diffessus
1025 3944 1084 3999 est,
1117 3935 1235 4002 singula

310 4002 374 4068 ζυγα
392 4018 448 4054 nou
466 4002 553 4056 facile
568 4000 697 4069 dignosci
717 4002 847 4072 possein
865 4001 929 4069 ipso
947 4001 1088 4069 carmine,
1106 4019 1158 4057 nec
1176 4021 1234 4070 ego

309 4069 460 4140 quidquam
474 4070 551 4140 scio,
570 4071 644 4126 unde
663 4072 733 4128 haec
748 4070 887 4128 sententia
904 4069 1028 4142 speciem
1042 4072 1147 4128 ducere
1165 4089 1235 4144 pos-
