2794 4692
235 347 299 426 Oli

237 523 403 620 partein
427 521 628 597 victoriam
652 517 827 610 cessisse,
867 517 931 594 ille
953 532 1084 620 nogat,
1124 542 1164 595 se
1182 517 1268 616 iam

236 623 364 698 humi
381 637 605 721 prostratum
638 643 724 695 esse.
797 619 937 696 Deinde
970 621 1110 696 Ghorus
1142 620 1267 696 dicere

236 724 360 821 jubet,
387 747 457 820 qua
473 725 613 798 ratione
629 721 778 796 caedem
795 722 1066 820 perpetraverit.
1119 721 1274 798 Orestes

237 825 439 922 profitetur,
465 847 503 898 se
521 822 690 923 gladio
656 847 759 898 cirea
775 824 912 898 collum
927 825 1058 898 vulnus
1079 822 1264 899 inflixisse.

237 928 353 1000 Porro
372 924 505 1000 Furiae
523 937 720 1021 quaerunt,
747 947 769 998 a
790 947 948 1018 quonam
967 945 1162 1020 persuasus
1189 925 1265 999 fue-

238 1025 310 1118 rit,
343 1041 378 1100 et
403 1026 594 1121 cujusnam
619 1023 662 1097 de
685 1023 838 1099 consilio
863 1024 952 1100 illud
975 1023 1151 1099 fecerit.
1158 1026 1265 1100 Ore-

237 1141 310 1201 stes
346 1125 563 1222 respondet:
606 1122 784 1222 Apollinis
809 1123 853 1198 de
877 1149 1069 1222 responso,
1111 1125 1181 1223 qui
1197 1126 1265 1243 ipsi

237 1227 340 1310 testis
373 1226 476 1300 adsit.
548 1225 636 1300 Illae
662 1223 838 1303 mirantes
864 1239 1063 1322 quaerunt,
1104 1251 1194 1304 num
1220 1227 1263 1320 is,

240 1328 304 1426 qui
328 1343 428 1403 vates
455 1325 525 1418 sit,
564 1325 695 1400 matris
720 1325 870 1400 caedem
893 1326 1056 1402 suaserit.
1120 1327 1264 1416 Orestes

237 1429 420 1520 affirmat,
446 1451 553 1524 seque
575 1425 691 1506 adhuc
715 1451 803 1502 casu
825 1441 1036 1506 contentum
1061 1453 1138 1502 esse
1165 1421 1262 1503 dicit.

238 1529 372 1604 Furiae
406 1482 593 1602 illudentes
618 1526 818 1624 objiciunt,
864 1553 950 1602 eum
975 1553 1103 1604 caussa
1127 1529 1265 1624 perdita

237 1630 345 1706 aliter
362 1632 573 1704 locuturum
590 1651 677 1704 esse
714 1629 858 1704 Orestes
876 1643 1014 1721 contra,
1041 1629 1263 1745 solidantem

236 1756 334 1823 esse,
359 1730 561 1848 significan
597 1745 738 1825 patrem
760 1730 888 1827 quippe
909 1755 930 1802 e
950 1730 1140 1846 sepulchro
1167 1729 1263 1804 auxi-

236 1830 331 1905 lium
350 1830 506 1904 mittere.
551 1829 692 1904 Chorus
712 1829 905 1905 cavillatur
928 1855 1026 1922 eum,
1052 1829 1143 1927 qui,
1153 1855 1266 1926 quum

240 1946 400 2006 matrem
426 1929 673 2022 interfecerit,
709 1931 865 2006 mortuis
889 1931 1055 2006 confidat.
1108 1931 1263 2025 Orestes,

239 2031 383 2107 crimen
405 2043 652 2148 purgaturus,
677 2040 832 2123 monet,
868 2030 962 2108 hanc
987 2030 1158 2128 duplici
1138 2057 1266 2129 1psam
1386 2099 1387 2108 ,

238 2131 414 2231 piaculo
401 2130 627 2227 inquinasse,
652 2129 858 2227 jubentibus
884 2131 967 2207 inde
988 2132 1146 2226 Furiis,
1157 2133 1267 2208 ratio-

238 2257 325 2306 nem
351 2231 440 2307 dicti
465 2230 628 2329 aperire,
670 2247 710 2306 ut
741 2231 879 2328 judices
911 2233 1076 2327 edoceat,
1120 2233 1267 2330 subjun-

238 2356 352 2454 gens·
396 2327 500 2409 illam
525 2331 597 2406 sihi
618 2332 817 2425 maritum,
860 2331 930 2431 ipsi
955 2287 1096 2431 patrein
1119 2331 1267 2408 interfe-
1387 2342 1388 2402 l

240 2436 345 2512 cisse.
424 2436 592 2526 Chorus,
623 2459 749 2532 quum
785 2433 926 2509 facinus
959 2435 1268 2534 Clytaemnestrae

238 2551 300 2613 aut
323 2563 458 2636 negare
483 2550 545 2611 aut
566 2547 743 2609 eicusare
765 2550 938 2632 nequeat,
984 2551 1021 2612 at
1042 2561 1124 2608 eam
1146 2551 1268 2612 morte

238 2662 304 2712 sua
339 2638 429 2711 illud
461 2635 642 2733 expiasse,
687 2637 855 2726 Orestem
880 2661 970 2710 vero
1001 2637 1128 2712 adhuc
1134 2637 1268 2712 vivere

239 2737 389 2854 ideoque
415 2761 549 2836 poenae
573 2736 771 2811 obnoxium
796 2763 873 2811 esse
898 2753 1030 2813 monet.
1095 2731 1164 2812 Cui
1188 2763 1268 2812 sen-

237 2838 370 2913 tentiae
423 2839 691 2914 adversaturus
728 2837 880 2911 Furiam
925 2839 1065 2934 quaerit
1110 2838 1267 2930 Orestes,
1318 2863 1320 2868 ’

239 2963 309 3012 our
332 2964 405 3014 non
430 2940 553 3030 illam,
601 2938 724 3012 dum
712 2963 751 3010 ιιι
776 2938 871 3013 vivis
896 2939 1029 3032 fuerit,
1075 2939 1173 3039 fuga
1187 2964 1268 3014 exa-

237 3039 419 3157 gitaverit.
495 3041 596 3114 Haec
632 3039 839 3156 respondet.
889 3040 973 3138 quia
996 3041 1060 3116 illa
1083 3065 1157 3114 non
1183 3065 1267 3114 con-

237 3140 432 3240 sanguinea
462 3140 577 3218 fuerit
609 3138 736 3214 mariti
773 3139 858 3214 ab
847 3167 924 3238 1psa
955 3141 1150 3218 interfecti.
1203 3142 1269 3214 llle

237 3241 389 3316 eandem
426 3240 696 3316 excusationem
737 3240 777 3314 in
811 3267 924 3361 suam
958 3268 1039 3318 rem
1074 3239 1267 3331 convertit,

237 3341 499 3418 dubitationem
539 3365 721 3434 movens,
773 3342 866 3417 sitne
906 3343 982 3444 ipse
1023 3368 1110 3418 oum
1148 3357 1269 3418 matre

237 3443 411 3544 sanguine
435 3446 658 3541 conjunctus.
713 3442 831 3536 Quam
854 3435 1114 3521 dubitationem
1136 3441 1270 3517 Furiae

237 3569 386 3620 summa
410 3569 498 3620 cum
523 3544 769 3646 indignatione
804 3545 997 3642 rejiciunt,
1040 3545 1269 3662 interrogau-

236 3660 288 3718 tes
301 3699 314 3737 ,
360 3670 517 3741 quonam
552 3646 697 3720 tandem
734 3644 842 3720 modo
879 3661 1039 3721 matrem
1072 3647 1193 3743 ipsum
1229 3643 1269 3718 in

194 3819 199 3833 ,
236 3762 340 3822 utero
367 3747 496 3822 aluisse
521 3747 741 3837 arbitretur,
772 3773 932 3842 numque
955 3762 1167 3844 maternum
1187 3769 1269 3823 sau-

233 3848 384 3948 guinem
406 3847 567 3948 negando
594 3847 784 3944 repudiare
809 3848 905 3922 velit.

313 3951 419 4026 dam
446 3949 591 4024 Orestes
617 3972 688 4021 non
714 3948 869 4046 amplius
894 3947 1050 4040 habens,
1098 3945 1269 4063 quemad·

234 4051 388 4127 modum
424 4076 463 4127 se
489 4049 675 4142 defendat,
727 4049 771 4124 ad
794 4049 1001 4149 Apollinem
1026 4047 1267 4139 convertitur,
