2770 4690
256 349 327 430 XX

159 507 163 514 ’
204 565 205 568 “
261 553 330 602 cur
355 552 426 602 non
460 528 544 622 poni
569 525 689 622 possit.
763 528 833 604 Sed
858 529 981 606 forsan
1006 528 1117 602 etiam
1142 528 1284 601 Mercu-

262 629 339 702 rius
370 628 623 724 protemplaris
648 639 727 702 erat
748 627 916 727 Delphis3
964 655 1053 725 quae
1078 653 1136 702 res
1161 651 1285 724 quam-
1370 669 1371 698 ;

262 730 318 804 vis
344 753 416 802 non
440 741 568 802 testata
593 728 660 819 sit,
687 743 809 802 tamen
836 729 985 827 quiade
1010 730 1177 804 Minerva
1202 751 1286 800 con·
1370 719 1371 798 ζ

262 841 332 903 stat
368 843 403 900 et
440 827 626 924 utriusque
666 831 827 903 numinis
865 846 998 906 statuas
1033 829 1164 904 Thebis
1205 841 1287 902 ante

261 927 486 1020 Ismeniam,
532 929 624 1024 quod
660 930 867 1004 arctissimo
902 957 990 1006 cum
1026 933 1174 1006 oraculo
1202 929 1287 1003 Del-

262 1029 369 1126 phico
396 1028 610 1103 cohaerebat
637 1029 800 1120 vinculo,
845 1031 957 1105 fuisse
990 1031 1128 1106 scimus
1154 1055 1175 1102 e
1199 1031 1286 1102 Pau-

261 1155 336 1204 san.
354 1130 417 1221 IX,
442 1129 504 1220 10,
521 1131 571 1220 2,
596 1128 925 1206 verisimilitudinis
951 1147 1049 1206 certe
1075 1130 1194 1226 specie
1215 1152 1288 1202 non

263 1244 374 1306 caret.
428 1228 568 1322 Quare,
616 1229 687 1302 nisi
714 1245 793 1326 post
817 1233 881 1310 Vs.
907 1233 956 1308 63
981 1231 1057 1326 ipse
1081 1228 1289 1304 Mercurius

261 1329 436 1429 prodiisse
461 1328 664 1421 videbitur,
707 1345 865 1406 statuam
888 1331 945 1405 dei
970 1331 1014 1406 ab
1035 1331 1201 1425 Apolline
1222 1331 1288 1405 Vs.

261 1433 312 1510 89
337 1456 411 1527 sqq.
438 1432 648 1528 appellatam
677 1431 843 1524 credere,
885 1431 981 1506 haud
1011 1431 1159 1505 omniuo
1186 1429 1291 1514 abso·
1353 1526 1356 1532 ¹

262 1556 353 1604 num
373 1530 453 1604 erit.
501 1533 617 1605 Porro
641 1531 775 1626 nescio,
799 1558 845 1606 an
866 1533 992 1607 focum
1014 1530 1131 1621 illum,
1157 1529 1196 1602 in
1219 1553 1292 1624 quo

193 1696 196 1700 .
263 1631 508 1728 sempiternus
530 1631 625 1732 ignis
656 1647 754 1725 erat,
797 1635 1032 1730 conspicuum
1065 1631 1177 1705 fuisse
1207 1653 1293 1726 pro-

263 1732 384 1806 babile
408 1731 510 1805 reddi
533 1733 643 1829 possit
668 1759 689 1806 e
714 1732 874 1826 ratione,
907 1759 977 1830 qua
998 1731 1197 1828 Choephor.
1223 1731 1289 1805 Vs.

197 1885 199 1888 -
264 1835 363 1910 1032
390 1847 433 1912 et,
463 1833 560 1908 1033
595 1832 690 1932 ignis
730 1834 826 1906 illius
871 1835 982 1908 simul
1019 1859 1105 1907 cum
1141 1830 1291 1924 delubro

265 1932 402 2006 mentio
428 1932 486 2019 fit,
522 1931 614 2003 unde
639 1931 731 2004 nihil
756 1933 854 2008 dicas
879 1935 924 2008 ad
952 1932 1186 2008 indicandum
1212 1955 1292 2006 ora-

266 2034 391 2108 culum
414 2028 632 2127 Delphicum
659 2031 774 2128 aptius
807 2034 937 2127 fuisse,
985 2058 1095 2132 quam
1121 2032 1227 2128 hujus
1251 2029 1292 2103 in

264 2158 371 2207 scena
398 2133 762 2228 repraesentationem
776 2134 836 2226 11).
909 2139 990 2210 Ηοο
1016 2135 1113 2208 idem
1140 2133 1293 2224 arbitre-

263 2248 326 2308 tur
351 2233 479 2330 aliquis
511 2233 606 2308 effici
639 2236 794 2330 potuisse
827 2235 929 2336 signo
951 2235 1126 2333 Apollinis
1146 2231 1291 2334 Agyiei,

265 2335 308 2407 de
335 2359 403 2430 quo
429 2359 500 2406 uno
527 2348 626 2407 certe
651 2361 695 2408 ex
717 2337 901 2432 Euripidis
927 2339 1012 2411 Ione
1037 2362 1185 2432 prorsus
1209 2359 1292 2408 con·

265 2451 353 2526 stat,
396 2435 511 2510 oculis
543 2435 713 2510 exhibito.
772 2438 998 2533 Quamquam
1024 2438 1061 2511 id
1087 2461 1151 2532 per
1174 2461 1212 2512 se
1236 2459 1291 2508 so·

264 2538 344 2612 lum
379 2535 442 2610 vix
476 2535 692 2627 sufficiebat,
736 2551 854 2633 'quum
881 2540 992 2613 etiam
1022 2540 1180 2612 aliorum
1211 2549 1293 2610 ante

266 2636 370 2710 aedes
409 2635 560 2709 deorum
597 2637 806 2734 saepissime
847 2655 1050 2734 poneretur.
1103 2641 1293 2713 Praeterea

266 2737 298 2811 si
324 2734 403 2832 quis
428 2737 487 2808 vel
511 2760 555 2808 ex
579 2736 723 2812 indiciis
751 2737 814 2814 illa
839 2739 961 2814 fabula
994 2737 1189 2831 contentis,
1234 2739 1292 2811 vel

266 2834 491 2936 imaginandi
536 2836 706 2914 facultate
749 2863 811 2929 ea,
862 2865 951 2936 quae
992 2840 1294 2927 memoravimus,

266 2939 431 3032 supplere
474 2938 650 3031 voluerit,
707 2938 821 3014 faciat
860 2966 925 3014 suo
967 2941 1078 3038 ipsius
1120 2941 1291 3039 periculo.

171 3085 174 3092 =
266 3036 372 3134 Apud
394 3037 617 3136 Aeschylum
644 3039 736 3114 nihil
762 3041 954 3138 quidquam
979 3043 1176 3140 reperitur,
1201 3040 1293 3115 unde

294 3311 338 3370 ll)
376 3309 487 3375 Video,
506 3312 590 3391 etiarn
602 3313 845 3394 Klausenium,
864 3322 914 3389 qul
932 3323 967 3378 de
986 3337 1086 3376 scenae
1104 3320 1216 3376 ratione
1235 3320 1296 3373 lere

371 3381 406 3433 od
425 3379 564 3461 Muellers
582 3382 732 3437 arbitrium
750 3386 907 3459 disputavit
925 3391 954 3460 in
973 3391 1075 3446 Dium.
1095 3391 1203 3446 literar,
1222 3389 1297 3443 zim.

372 3464 528 3528 merusauns
546 3465 569 3502 a.
590 3453 665 3519 isat,
684 3456 736 3512 ,Ml
753 3458 806 3522 tt,
821 3477 848 3529 p.
866 3463 917 3516 329
935 3477 996 3529 sqq.
1007 3499 1016 3529 ,
1034 3462 1068 3515 ad
1090 3463 1234 3514 haherent
1253 3475 1298 3518 st-

374 3518 519 3596 tepdssse‚
541 3520 623 3572 ruodo
642 3523 716 3588 quod
728 3523 761 3578 is
781 3527 872 3581 locum
891 3529 974 3584 simul
993 3548 1053 3584 cuns
1072 3528 1209 3585 interiore
1228 3540 1299 3586 tem·

371 3587 414 3708 p'h
442 3598 523 3660 parte
547 3589 655 3643 demum
683 3603 749 3662 post
773 3595 823 3651 Vs.
841 3600 875 3652 63
898 3599 992 3655 oculis
1020 3601 1175 3668 subjectum
1208 3612 1297 3670 putat.

394 3671 478 3736 ,erum
497 3667 526 3712 ut
544 3658 579 3712 de
599 3660 651 3739 hac
669 3677 701 3715 re
715 3664 770 3729 jam
789 3674 908 3734 meeum,
926 3669 960 3722 ad
980 3669 1070 3736 illud,
1095 3668 1169 3738 quod
1187 3667 1299 3726 indica-

371 3741 482 3807 vimus,
516 3740 693 3808 ppoposttum
720 3737 924 3800 assequendum
950 3756 1022 3810 opus
1049 3749 1126 3804 erat,
1163 3745 1194 3790 ut
1220 3741 1298 3809 ignis

370 3802 464 3874 statim
482 3796 517 3848 ab
536 3809 621 3875 instro
638 3799 860 3870 conspiceretur.
896 3809 957 3862 Oua
973 3809 1010 3862 de
1028 3825 1059 3862 re
1076 3808 1189 3872 nescio,
1218 3827 1252 3864 an
1273 3810 1299 3864 is

371 3879 466 3930 snare
484 3881 611 3946 scentes,
637 3885 718 3948 quam
735 3885 869 3930 memorat
886 3877 1063 3931 Genellns
1081 3876 1109 3929 in
1129 3878 1222 3945 libro,
1246 3881 1299 3948 qui

373 3931 544 3992 Germansca
573 3936 672 4006 lingua
706 3943 860 4013 inscriptus
894 3955 952 4000 est:
986 3948 1049 3999 das
1077 3947 1231 4002 Theater
1258 3967 1300 4003 zu

369 4003 500 4069 Athen,
519 4022 547 4074 p.
556 4007 590 4085 {34
607 4017 637 4062 et
653 4010 704 4074 69,
723 4009 771 4064 hic
786 4013 900 4080 quidem
918 4015 1010 4070 locunt
1028 4015 1109 4070 illum
1128 4033 1299 4088 repraesen-

372 4080 462 4141 tante,
491 4074 587 4130 luerat.
1029 4113 1031 4120 ·
