<?xml version="1.0" encoding="UTF-8"?>
<!DOCTYPE html PUBLIC "-//W3C//DTD XHTML 1.0 Transitional//EN"
    "http://www.w3.org/TR/xhtml1/DTD/xhtml1-transitional.dtd">
<html xmlns="http://www.w3.org/1999/xhtml" xml:lang="en" lang="en">
 <head>
  <title>
</title>
<meta http-equiv="Content-Type" content="text/html;charset=utf-8" />
  <meta name='ocr-system' content='tesseract 3.04.00' />
  <meta name='ocr-capabilities' content='ocr_page ocr_carea ocr_par ocr_line ocrx_word'/>
</head>
<body>
  <div class='ocr_page' id='page_1' title='image "./conjectaneainae00wiesgoog_0035.png"; bbox 0 0 2770 4690; ppageno 0'>
   <div class='ocr_carea' id='block_1_1' title="bbox 234 339 335 412">
    <p class='ocr_par' dir='ltr' id='par_1_1' title="bbox 234 339 335 412">
     <span class='ocr_line' id='line_1_1' title="bbox 234 339 335 412; baseline 0 0"><span class='ocrx_word' id='word_1_1' title='bbox 234 339 335 412; x_wconf 88' lang='lat' dir='ltr'>XXX</span> 
     </span>
    </p>
   </div>
   <div class='ocr_carea' id='block_1_2' title="bbox 231 497 1256 810">
    <p class='ocr_par' dir='ltr' id='par_1_2' title="bbox 231 497 1256 810">
     <span class='ocr_line' id='line_1_2' title="bbox 231 497 1255 608; baseline -0.008 -20"><span class='ocrx_word' id='word_1_2' title='bbox 231 523 380 588; x_wconf 80' lang='lat' dir='ltr'>scenam</span> <span class='ocrx_word' id='word_1_3' title='bbox 404 505 635 605; x_wconf 78' lang='lat' dir='ltr'>progreditur</span> <span class='ocrx_word' id='word_1_4' title='bbox 660 519 747 581; x_wconf 81' lang='lat' dir='ltr'>enm</span> <span class='ocrx_word' id='word_1_5' title='bbox 768 505 895 608; x_wconf 80' lang='lat' dir='ltr'>Oreste</span> <span class='ocrx_word' id='word_1_6' title='bbox 912 504 963 596; x_wconf 76' lang='lat'>²⁴)</span> <span class='ocrx_word' id='word_1_7' title='bbox 989 521 1043 600; x_wconf 88' lang='lat' dir='ltr'>et,</span> <span class='ocrx_word' id='word_1_8' title='bbox 1080 520 1121 581; x_wconf 91' lang='lat' dir='ltr'>ut</span> <span class='ocrx_word' id='word_1_9' title='bbox 1146 497 1255 606; x_wconf 82' lang='lat' dir='ltr'>vulgo</span> 
     </span>
     <span class='ocr_line' id='line_1_3' title="bbox 231 605 1256 704; baseline -0.006 -18"><span class='ocrx_word' id='word_1_10' title='bbox 231 610 414 699; x_wconf 83' lang='lat' dir='ltr'>creditur,</span> <span class='ocrx_word' id='word_1_11' title='bbox 458 607 643 681; x_wconf 89' lang='lat' dir='ltr'>Mercurio</span> <span class='ocrx_word' id='word_1_12' title='bbox 655 605 718 699; x_wconf 71' lang='grc'>25).</span> <span class='ocrx_word' id='word_1_13' title='bbox 780 607 871 681; x_wconf 87' lang='lat' dir='ltr'>Sunt</span> <span class='ocrx_word' id='word_1_14' title='bbox 896 608 1024 700; x_wconf 89' lang='lat' dir='ltr'>etiam,</span> <span class='ocrx_word' id='word_1_15' title='bbox 1069 607 1131 703; x_wconf 90' lang='lat' dir='ltr'>qui</span> <span class='ocrx_word' id='word_1_16' title='bbox 1154 631 1256 704; x_wconf 89' lang='lat' dir='ltr'>prae-</span> 
     </span>
     <span class='ocr_line' id='line_1_4' title="bbox 231 705 1256 810; baseline -0.004 -24"><span class='ocrx_word' id='word_1_17' title='bbox 231 725 345 786; x_wconf 87' lang='lat' dir='ltr'>eunte.</span> <span class='ocrx_word' id='word_1_18' title='bbox 361 722 483 782; x_wconf 84' lang='lat' dir='ltr'>vetere</span> <span class='ocrx_word' id='word_1_19' title='bbox 508 707 704 805; x_wconf 79' lang='lat' dir='ltr'>interprete</span> <span class='ocrx_word' id='word_1_20' title='bbox 729 705 933 803; x_wconf 55' lang='lat' dir='ltr'>Graecos)</span> <span class='ocrx_word' id='word_1_21' title='bbox 946 721 1142 810; x_wconf 86' lang='lat' dir='ltr'>censeant,</span> <span class='ocrx_word' id='word_1_22' title='bbox 1168 731 1256 782; x_wconf 85' lang='lat' dir='ltr'>eum</span> 
     </span>
    </p>
   </div>
   <div class='ocr_carea' id='block_1_3' title="bbox 240 864 550 880">
    <p class='ocr_par' dir='ltr' id='par_1_3' title="bbox 240 864 550 880">
     <span class='ocr_line' id='line_1_5' title="bbox 240 864 550 880; baseline -0.013 0"><span class='ocrx_word' id='word_1_23' title='bbox 240 864 550 880; x_wconf 55' lang='grc' dir='ltr'><em>Μ</em></span> 
     </span>
    </p>
   </div>
   <div class='ocr_carea' id='block_1_4' title="bbox 233 955 1252 4133">
    <p class='ocr_par' dir='ltr' id='par_1_4' title="bbox 233 955 1252 4133">
     <span class='ocr_line' id='line_1_6' title="bbox 246 955 1252 1029; baseline 0 -17"><span class='ocrx_word' id='word_1_24' title='bbox 246 959 253 972; x_wconf 83' lang='grc'><strong>’</strong></span> <span class='ocrx_word' id='word_1_25' title='bbox 331 959 441 1014; x_wconf 83' lang='lat' dir='ltr'>Alcest·</span> <span class='ocrx_word' id='word_1_26' title='bbox 458 957 511 1015; x_wconf 87' lang='lat' dir='ltr'>Vs.</span> <span class='ocrx_word' id='word_1_27' title='bbox 527 962 562 1015; x_wconf 82' lang='lat' dir='ltr'>lll</span> <span class='ocrx_word' id='word_1_28' title='bbox 580 969 623 1026; x_wconf 89' lang='lat' dir='ltr'>et,</span> <span class='ocrx_word' id='word_1_29' title='bbox 657 961 790 1029; x_wconf 87' lang='lat' dir='ltr'>quemad</span> <span class='ocrx_word' id='word_1_30' title='bbox 809 975 870 1014; x_wconf 88' lang='lat' dir='ltr'>eum</span> <span class='ocrx_word' id='word_1_31' title='bbox 895 959 987 1014; x_wconf 91' lang='lat' dir='ltr'>locum</span> <span class='ocrx_word' id='word_1_32' title='bbox 1005 955 1143 1012; x_wconf 81' lang='lat' dir='ltr'>excitavit</span> <span class='ocrx_word' id='word_1_33' title='bbox 1160 955 1252 1012; x_wconf 87' lang='lat' dir='ltr'>Meu·</span> 
     </span>
     <span class='ocr_line' id='line_1_7' title="bbox 329 1027 830 1096; baseline 0.002 -15"><span class='ocrx_word' id='word_1_34' title='bbox 329 1027 428 1096; x_wconf 77' lang='lat' dir='ltr'>liius,</span> <span class='ocrx_word' id='word_1_35' title='bbox 444 1029 544 1085; x_wconf 83' lang='lat' dir='ltr'>Horat·</span> <span class='ocrx_word' id='word_1_36' title='bbox 564 1029 654 1084; x_wconf 86' lang='lat' dir='ltr'>Oarm.</span> <span class='ocrx_word' id='word_1_37' title='bbox 672 1031 726 1096; x_wconf 95' lang='lat' dir='ltr'>lll,</span> <span class='ocrx_word' id='word_1_38' title='bbox 743 1033 771 1095; x_wconf 82' lang='lat'>4,</span> <span class='ocrx_word' id='word_1_39' title='bbox 788 1031 830 1084; x_wconf 85' lang='lat'>60.</span> 
     </span>
     <span class='ocr_line' id='line_1_8' title="bbox 251 1090 1251 1166; baseline -0.007 -11"><span class='ocrx_word' id='word_1_40' title='bbox 251 1098 311 1162; x_wconf 56' lang='lat' dir='ltr'>att&gt;</span> <span class='ocrx_word' id='word_1_41' title='bbox 330 1097 376 1150; x_wconf 78' lang='lat' dir='ltr'>Ad</span> <span class='ocrx_word' id='word_1_42' title='bbox 394 1098 476 1165; x_wconf 88' lang='lat' dir='ltr'>hujus</span> <span class='ocrx_word' id='word_1_43' title='bbox 494 1098 618 1152; x_wconf 89' lang='lat' dir='ltr'>habitum</span> <span class='ocrx_word' id='word_1_44' title='bbox 637 1100 711 1166; x_wconf 86' lang='lat' dir='ltr'>quod</span> <span class='ocrx_word' id='word_1_45' title='bbox 731 1097 846 1163; x_wconf 77' lang='lat' dir='ltr'>attinet,</span> <span class='ocrx_word' id='word_1_46' title='bbox 874 1113 935 1152; x_wconf 89' lang='lat' dir='ltr'>cum</span> <span class='ocrx_word' id='word_1_47' title='bbox 974 1095 1051 1149; x_wconf 92' lang='lat' dir='ltr'>aullo</span> <span class='ocrx_word' id='word_1_48' title='bbox 1069 1103 1135 1148; x_wconf 89' lang='lat' dir='ltr'>ante</span> <span class='ocrx_word' id='word_1_49' title='bbox 1153 1090 1251 1163; x_wconf 87' lang='lat' dir='ltr'>dispu-</span> 
     </span>
     <span class='ocr_line' id='line_1_9' title="bbox 330 1113 1251 1241; baseline -0.005 -22"><span class='ocrx_word' id='word_1_50' title='bbox 330 1164 399 1220; x_wconf 88' lang='lat' dir='ltr'>tatis</span> <span class='ocrx_word' id='word_1_51' title='bbox 418 1181 433 1218; x_wconf 93' lang='lat' dir='ltr'>a</span> <span class='ocrx_word' id='word_1_52' title='bbox 452 1166 535 1238; x_wconf 83' lang='lat' dir='ltr'>nobis</span> <span class='ocrx_word' id='word_1_53' title='bbox 560 1168 613 1221; x_wconf 82' lang='lat' dir='ltr'>cir.</span> <span class='ocrx_word' id='word_1_54' title='bbox 631 1184 703 1235; x_wconf 86' lang='lat' dir='ltr'>quae</span> <span class='ocrx_word' id='word_1_55' title='bbox 724 1165 829 1220; x_wconf 90' lang='lat' dir='ltr'>monuit</span> <span class='ocrx_word' id='word_1_56' title='bbox 847 1113 1047 1220; x_wconf 71' lang='lat' dir='ltr'>Muelierus</span> <span class='ocrx_word' id='word_1_57' title='bbox 1066 1163 1085 1216; x_wconf 95' lang='lat' dir='ltr'>l.</span> <span class='ocrx_word' id='word_1_58' title='bbox 1103 1180 1127 1217; x_wconf 91' lang='lat' dir='ltr'>c.</span> <span class='ocrx_word' id='word_1_59' title='bbox 1145 1179 1172 1241; x_wconf 88' lang='lat' dir='ltr'>p.</span> <span class='ocrx_word' id='word_1_60' title='bbox 1192 1165 1251 1215; x_wconf 80' lang='grc' dir='ltr'><strong>ΙΙΙ.</strong></span> 
     </span>
     <span class='ocr_line' id='line_1_10' title="bbox 328 1233 1251 1301; baseline -0.007 -13"><span class='ocrx_word' id='word_1_61' title='bbox 328 1235 376 1288; x_wconf 83' lang='lat' dir='ltr'>lle</span> <span class='ocrx_word' id='word_1_62' title='bbox 401 1234 500 1288; x_wconf 84' lang='lat' dir='ltr'>celere</span> <span class='ocrx_word' id='word_1_63' title='bbox 526 1247 613 1290; x_wconf 90' lang='lat' dir='ltr'>tamen</span> <span class='ocrx_word' id='word_1_64' title='bbox 637 1236 757 1291; x_wconf 83' lang='lat' dir='ltr'>vestium</span> <span class='ocrx_word' id='word_1_65' title='bbox 781 1251 889 1300; x_wconf 88' lang='lat' dir='ltr'>eorum,</span> <span class='ocrx_word' id='word_1_66' title='bbox 925 1233 973 1301; x_wconf 85' lang='lat' dir='ltr'>qui</span> <span class='ocrx_word' id='word_1_67' title='bbox 991 1235 1115 1290; x_wconf 86' lang='lat' dir='ltr'>&#39;adversa</span> <span class='ocrx_word' id='word_1_68' title='bbox 1139 1235 1251 1283; x_wconf 87' lang='lat' dir='ltr'>lortuna</span> 
     </span>
     <span class='ocr_line' id='line_1_11' title="bbox 328 1300 1250 1378; baseline -0.003 -23"><span class='ocrx_word' id='word_1_69' title='bbox 328 1302 487 1368; x_wconf 88' lang='lat' dir='ltr'>utebantur,</span> <span class='ocrx_word' id='word_1_70' title='bbox 507 1303 641 1376; x_wconf 77' lang='lat' dir='ltr'>imprimis</span> <span class='ocrx_word' id='word_1_71' title='bbox 659 1306 858 1378; x_wconf 82' lang='lat' dir='ltr'>profugorum,</span> <span class='ocrx_word' id='word_1_72' title='bbox 876 1303 964 1358; x_wconf 85' lang='lat' dir='ltr'>aliter</span> <span class='ocrx_word' id='word_1_73' title='bbox 980 1300 1123 1374; x_wconf 81' lang='lat' dir='ltr'>praecipit</span> <span class='ocrx_word' id='word_1_74' title='bbox 1139 1300 1250 1353; x_wconf 87' lang='lat' dir='ltr'>Pollux</span> 
     </span>
     <span class='ocr_line' id='line_1_12' title="bbox 250 1371 1249 1520; baseline -0.006 -24"><span class='ocrx_word' id='word_1_75' title='bbox 250 1443 295 1509; x_wconf 80' lang='lat'>25)</span> <span class='ocrx_word' id='word_1_76' title='bbox 328 1371 522 1520; x_wconf 62' lang='lat' dir='ltr'>ilii&#39;gtitsiuiii</span> <span class='ocrx_word' id='word_1_77' title='bbox 553 1439 1089 1507; x_wconf 85' lang='lat' dir='ltr'>raesentemluisseScblegelius,</span> <span class='ocrx_word' id='word_1_78' title='bbox 1122 1435 1249 1492; x_wconf 80' lang='lat' dir='ltr'>rid-im·</span> 
     </span>
     <span class='ocr_line' id='line_1_13' title="bbox 327 1460 1249 1635; baseline -0.004 -3"><span class='ocrx_word' id='word_1_79' title='bbox 327 1460 702 1634; x_wconf 65' lang='lat' dir='ltr'>trttttitttttt</span> <span class='ocrx_word' id='word_1_80' title='bbox 721 1512 894 1635; x_wconf 68' lang='lat' dir='ltr'>tutat·</span> <span class='ocrx_word' id='word_1_81' title='bbox 911 1511 988 1631; x_wconf 78' lang='lat' dir='ltr'>tlt</span> <span class='ocrx_word' id='word_1_82' title='bbox 1007 1507 1249 1630; x_wconf 62' lang='lat' dir='ltr'>{tutati</span> 
     </span>
     <span class='ocr_line' id='line_1_14' title="bbox 326 1594 1249 1718; baseline -0.005 -17"><span class='ocrx_word' id='word_1_83' title='bbox 326 1647 398 1701; x_wconf 88' lang='lat' dir='ltr'>haec</span> <span class='ocrx_word' id='word_1_84' title='bbox 416 1648 501 1702; x_wconf 85' lang='lat' dir='ltr'>verba</span> <span class='ocrx_word' id='word_1_85' title='bbox 517 1649 660 1718; x_wconf 88' lang='lat' dir='ltr'>posuisset</span> <span class='ocrx_word' id='word_1_86' title='bbox 677 1648 722 1703; x_wconf 83' lang='lat' dir='ltr'>vir</span> <span class='ocrx_word' id='word_1_87' title='bbox 739 1645 979 1717; x_wconf 79' lang='lat' dir='ltr'>elegantissimus:</span> <span class='ocrx_word' id='word_1_88' title='bbox 1011 1594 1097 1699; x_wconf 72' lang='lat' dir='ltr'>»Unci</span> <span class='ocrx_word' id='word_1_89' title='bbox 1108 1661 1153 1698; x_wconf 83' lang='lat' dir='ltr'>wo</span> <span class='ocrx_word' id='word_1_90' title='bbox 1173 1644 1249 1696; x_wconf 88' lang='lat' dir='ltr'>blie-</span> 
     </span>
     <span class='ocr_line' id='line_1_15' title="bbox 326 1713 1248 1784; baseline -0.003 -15"><span class='ocrx_word' id='word_1_91' title='bbox 326 1717 364 1770; x_wconf 92' lang='lat' dir='ltr'>be</span> <span class='ocrx_word' id='word_1_92' title='bbox 382 1716 435 1770; x_wconf 90' lang='lat' dir='ltr'>der</span> <span class='ocrx_word' id='word_1_93' title='bbox 453 1717 635 1784; x_wconf 79' lang='lat' dir='ltr'>begleiteude</span> <span class='ocrx_word' id='word_1_94' title='bbox 654 1719 722 1772; x_wconf 87' lang='lat' dir='ltr'>Gott</span> <span class='ocrx_word' id='word_1_95' title='bbox 745 1719 884 1772; x_wconf 81' lang='lat' dir='ltr'>nacltberl</span> <span class='ocrx_word' id='word_1_96' title='bbox 919 1716 961 1770; x_wconf 88' lang='lat' dir='ltr'>Er</span> <span class='ocrx_word' id='word_1_97' title='bbox 980 1716 1066 1770; x_wconf 83' lang='lat' dir='ltr'>sollte</span> <span class='ocrx_word' id='word_1_98' title='bbox 1084 1714 1158 1767; x_wconf 85' lang='lat' dir='ltr'>doch</span> <span class='ocrx_word' id='word_1_99' title='bbox 1176 1713 1248 1767; x_wconf 81' lang='lat' dir='ltr'>nacla</span> 
     </span>
     <span class='ocr_line' id='line_1_16' title="bbox 327 1781 1248 1847; baseline -0.007 -7"><span class='ocrx_word' id='word_1_100' title='bbox 327 1784 523 1840; x_wconf 82' lang='lat' dir='ltr'>vollbrttebter</span> <span class='ocrx_word' id='word_1_101' title='bbox 539 1787 649 1840; x_wconf 89' lang='lat' dir='ltr'>Pflicbt</span> <span class='ocrx_word' id='word_1_102' title='bbox 666 1804 725 1841; x_wconf 90' lang='lat' dir='ltr'>vom</span> <span class='ocrx_word' id='word_1_103' title='bbox 740 1789 857 1841; x_wconf 83' lang='lat' dir='ltr'>Orestes</span> <span class='ocrx_word' id='word_1_104' title='bbox 874 1783 1018 1838; x_wconf 82' lang='lat' dir='ltr'>Absclried</span> <span class='ocrx_word' id='word_1_105' title='bbox 1036 1784 1165 1847; x_wconf 86' lang='lat' dir='ltr'>uehmen,</span> <span class='ocrx_word' id='word_1_106' title='bbox 1183 1781 1248 1835; x_wconf 87' lang='lat' dir='ltr'>die-</span> 
     </span>
     <span class='ocr_line' id='line_1_17' title="bbox 327 1850 1246 1922; baseline -0.005 -15"><span class='ocrx_word' id='word_1_107' title='bbox 327 1855 538 1909; x_wconf 79' lang='lat' dir='ltr'>serersclteint</span> <span class='ocrx_word' id='word_1_108' title='bbox 554 1855 624 1909; x_wconf 89' lang='lat' dir='ltr'>aber</span> <span class='ocrx_word' id='word_1_109' title='bbox 645 1871 716 1922; x_wconf 85' lang='lat' dir='ltr'>ganz</span> <span class='ocrx_word' id='word_1_110' title='bbox 734 1854 822 1908; x_wconf 88' lang='lat' dir='ltr'>alleiu</span> <span class='ocrx_word' id='word_1_111' title='bbox 846 1853 955 1910; x_wconf 85' lang='lat' dir='ltr'>wieder</span> <span class='ocrx_word' id='word_1_112' title='bbox 977 1869 1028 1906; x_wconf 85' lang='lat' dir='ltr'>ver</span> <span class='ocrx_word' id='word_1_113' title='bbox 1049 1853 1112 1905; x_wconf 89' lang='lat' dir='ltr'>dem</span> <span class='ocrx_word' id='word_1_114' title='bbox 1128 1850 1246 1921; x_wconf 90' lang='lat' dir='ltr'>Tempel</span> 
     </span>
     <span class='ocr_line' id='line_1_18' title="bbox 326 1921 1247 1992; baseline 0 -19"><span class='ocrx_word' id='word_1_115' title='bbox 326 1921 380 1974; x_wconf 87' lang='lat' dir='ltr'>der</span> <span class='ocrx_word' id='word_1_116' title='bbox 399 1921 533 1975; x_wconf 78' lang='lat' dir='ltr'>Athene«</span> <span class='ocrx_word' id='word_1_117' title='bbox 578 1923 689 1978; x_wconf 86' lang='lat' dir='ltr'>Etenim</span> <span class='ocrx_word' id='word_1_118' title='bbox 709 1923 816 1977; x_wconf 88' lang='lat' dir='ltr'>similia</span> <span class='ocrx_word' id='word_1_119' title='bbox 835 1923 864 1976; x_wconf 92' lang='lat' dir='ltr'>in</span> <span class='ocrx_word' id='word_1_120' title='bbox 883 1924 935 1976; x_wconf 84' lang='lat' dir='ltr'>lrac</span> <span class='ocrx_word' id='word_1_121' title='bbox 953 1922 1015 1992; x_wconf 87' lang='lat' dir='ltr'>ipsa</span> <span class='ocrx_word' id='word_1_122' title='bbox 1033 1921 1129 1975; x_wconf 81' lang='lat' dir='ltr'>tabula</span> <span class='ocrx_word' id='word_1_123' title='bbox 1146 1921 1247 1984; x_wconf 86' lang='lat' dir='ltr'>obser-</span> 
     </span>
     <span class='ocr_line' id='line_1_19' title="bbox 327 1988 1246 2063; baseline 0.001 -22"><span class='ocrx_word' id='word_1_124' title='bbox 327 2003 395 2042; x_wconf 85' lang='lat' dir='ltr'>vare</span> <span class='ocrx_word' id='word_1_125' title='bbox 419 1988 490 2044; x_wconf 90' lang='lat' dir='ltr'>licet</span> <span class='ocrx_word' id='word_1_126' title='bbox 513 2007 568 2045; x_wconf 92' lang='lat' dir='ltr'>non</span> <span class='ocrx_word' id='word_1_127' title='bbox 593 1993 681 2044; x_wconf 84' lang='lat' dir='ltr'>solum</span> <span class='ocrx_word' id='word_1_128' title='bbox 709 1993 744 2044; x_wconf 92' lang='lat' dir='ltr'>de</span> <span class='ocrx_word' id='word_1_129' title='bbox 768 2007 920 2063; x_wconf 83' lang='lat' dir='ltr'>praecone,</span> <span class='ocrx_word' id='word_1_130' title='bbox 954 1990 1004 2058; x_wconf 88' lang='lat' dir='ltr'>qui</span> <span class='ocrx_word' id='word_1_131' title='bbox 1031 2000 1059 2045; x_wconf 90' lang='lat' dir='ltr'>et</span> <span class='ocrx_word' id='word_1_132' title='bbox 1086 1989 1148 2060; x_wconf 90' lang='lat' dir='ltr'>ipse</span> <span class='ocrx_word' id='word_1_133' title='bbox 1172 1999 1246 2042; x_wconf 88' lang='lat' dir='ltr'>muta</span> 
     </span>
     <span class='ocr_line' id='line_1_20' title="bbox 348 2057 1245 2131; baseline 0.001 -22"><span class='ocrx_word' id='word_1_134' title='bbox 348 2073 451 2111; x_wconf 88' lang='lat' dir='ltr'>ersona</span> <span class='ocrx_word' id='word_1_135' title='bbox 475 2070 534 2126; x_wconf 84' lang='lat' dir='ltr'>est,</span> <span class='ocrx_word' id='word_1_136' title='bbox 570 2077 663 2114; x_wconf 85' lang='lat' dir='ltr'>verum</span> <span class='ocrx_word' id='word_1_137' title='bbox 688 2060 770 2115; x_wconf 91' lang='lat' dir='ltr'>etiam</span> <span class='ocrx_word' id='word_1_138' title='bbox 794 2059 998 2131; x_wconf 75' lang='lat' dir='ltr'>dedpolline,</span> <span class='ocrx_word' id='word_1_139' title='bbox 1033 2057 1082 2126; x_wconf 86' lang='lat' dir='ltr'>qui</span> <span class='ocrx_word' id='word_1_140' title='bbox 1109 2067 1174 2127; x_wconf 86' lang='lat' dir='ltr'>post</span> <span class='ocrx_word' id='word_1_141' title='bbox 1192 2058 1245 2113; x_wconf 86' lang='lat' dir='ltr'>Vs.</span> 
     </span>
     <span class='ocr_line' id='line_1_21' title="bbox 279 2073 1245 2200; baseline 0 -21"><span class='ocrx_word' id='word_1_142' title='bbox 279 2181 286 2196; x_wconf 58' lang='grc'><strong>,</strong></span> <span class='ocrx_word' id='word_1_143' title='bbox 324 2073 377 2179; x_wconf 67' lang='lat' dir='ltr'>illl)</span> <span class='ocrx_word' id='word_1_144' title='bbox 400 2127 567 2188; x_wconf 72' lang='lat' dir='ltr'>obmutescit</span> <span class='ocrx_word' id='word_1_145' title='bbox 593 2129 675 2200; x_wconf 86' lang='lat' dir='ltr'>ipse,</span> <span class='ocrx_word' id='word_1_146' title='bbox 718 2147 810 2197; x_wconf 87' lang='lat' dir='ltr'>neque</span> <span class='ocrx_word' id='word_1_147' title='bbox 836 2145 853 2182; x_wconf 88' lang='lat' dir='ltr'>a</span> <span class='ocrx_word' id='word_1_148' title='bbox 879 2129 1002 2194; x_wconf 89' lang='lat' dir='ltr'>ceteris,</span> <span class='ocrx_word' id='word_1_149' title='bbox 1037 2129 1119 2182; x_wconf 87' lang='lat' dir='ltr'>immo</span> <span class='ocrx_word' id='word_1_150' title='bbox 1148 2143 1183 2180; x_wconf 91' lang='lat' dir='ltr'>ue</span> <span class='ocrx_word' id='word_1_151' title='bbox 1209 2127 1245 2179; x_wconf 89' lang='lat' dir='ltr'>ab</span> 
     </span>
     <span class='ocr_line' id='line_1_22' title="bbox 324 2193 1243 2271; baseline 0.004 -25"><span class='ocrx_word' id='word_1_152' title='bbox 324 2193 428 2249; x_wconf 88' lang='lat' dir='ltr'>Oreste</span> <span class='ocrx_word' id='word_1_153' title='bbox 446 2196 575 2264; x_wconf 88' lang='lat' dir='ltr'>quidem,</span> <span class='ocrx_word' id='word_1_154' title='bbox 602 2210 749 2271; x_wconf 89' lang='lat' dir='ltr'>postquam</span> <span class='ocrx_word' id='word_1_155' title='bbox 766 2200 801 2254; x_wconf 89' lang='lat' dir='ltr'>ab</span> <span class='ocrx_word' id='word_1_156' title='bbox 820 2198 1006 2253; x_wconf 75' lang='lat' dir='ltr'>loevam</span> <span class='ocrx_word' id='word_1_157' title='bbox 1024 2197 1170 2251; x_wconf 84' lang='lat' dir='ltr'>invocatus</span> <span class='ocrx_word' id='word_1_158' title='bbox 1189 2205 1243 2262; x_wconf 87' lang='lat' dir='ltr'>est,</span> 
     </span>
     <span class='ocr_line' id='line_1_23' title="bbox 323 2263 1245 2337; baseline 0.003 -23"><span class='ocrx_word' id='word_1_159' title='bbox 323 2274 436 2318; x_wconf 88' lang='lat' dir='ltr'>curatur</span> <span class='ocrx_word' id='word_1_160' title='bbox 459 2267 587 2335; x_wconf 91' lang='lat' dir='ltr'>amplius.</span> <span class='ocrx_word' id='word_1_161' title='bbox 629 2265 736 2336; x_wconf 82' lang='lat' dir='ltr'>Tetigit</span> <span class='ocrx_word' id='word_1_162' title='bbox 757 2269 829 2321; x_wconf 91' lang='lat' dir='ltr'>hanc</span> <span class='ocrx_word' id='word_1_163' title='bbox 846 2277 990 2337; x_wconf 88' lang='lat' dir='ltr'>poetarum</span> <span class='ocrx_word' id='word_1_164' title='bbox 1010 2264 1181 2334; x_wconf 82' lang='lat' dir='ltr'>tragicorum</span> <span class='ocrx_word' id='word_1_165' title='bbox 1200 2263 1245 2318; x_wconf 91' lang='lat' dir='ltr'>in-</span> 
     </span>
     <span class='ocr_line' id='line_1_24' title="bbox 323 2330 1244 2416; baseline 0.002 -32"><span class='ocrx_word' id='word_1_166' title='bbox 323 2330 496 2387; x_wconf 86' lang='lat' dir='ltr'>stitutionem</span> <span class='ocrx_word' id='word_1_167' title='bbox 523 2337 601 2390; x_wconf 90' lang='lat' dir='ltr'>circa</span> <span class='ocrx_word' id='word_1_168' title='bbox 627 2337 765 2404; x_wconf 86' lang='lat' dir='ltr'>ejusmodi</span> <span class='ocrx_word' id='word_1_169' title='bbox 800 2352 950 2408; x_wconf 87' lang='lat' dir='ltr'>personas,</span> <span class='ocrx_word' id='word_1_170' title='bbox 986 2335 1122 2389; x_wconf 84' lang='lat' dir='ltr'>secundas</span> <span class='ocrx_word' id='word_1_171' title='bbox 1145 2345 1244 2416; x_wconf 88' lang='lat' dir='ltr'>partes</span> 
     </span>
     <span class='ocr_line' id='line_1_25' title="bbox 320 2403 1244 2531; baseline 0 -77"><span class='ocrx_word' id='word_1_172' title='bbox 320 2410 520 2527; x_wconf 59' lang='lat' dir='ltr'>pgeutes,¹4;t</span> <span class='ocrx_word' id='word_1_173' title='bbox 544 2405 779 2531; x_wconf 60' lang='lat' dir='ltr'>aliisoexpimppis</span> <span class='ocrx_word' id='word_1_174' title='bbox 806 2403 1244 2529; x_wconf 56' lang='lat' dir='ltr'>⁶⁰inpri1b⁸vgiiw⁰⁵ir¹kii¹⁵</span> 
     </span>
     <span class='ocr_line' id='line_1_26' title="bbox 322 2488 1243 2614; baseline 0 -21"><span class='ocrx_word' id='word_1_175' title='bbox 322 2488 599 2612; x_wconf 41' lang='lat' dir='ltr'>‘upapApolpppe’</span> <span class='ocrx_word' id='word_1_176' title='bbox 635 2492 708 2598; x_wconf 69' lang='lat' dir='ltr'>nuiiril</span> <span class='ocrx_word' id='word_1_177' title='bbox 737 2490 883 2614; x_wconf 54' lang='lat' dir='ltr'>irtetirctiiiitu,s</span> <span class='ocrx_word' id='word_1_178' title='bbox 907 2489 1243 2611; x_wconf 57' lang='lat' dir='ltr'>qioniniiqipiririenin</span> 
     </span>
     <span class='ocr_line' id='line_1_27' title="bbox 320 2606 1244 2679; baseline 0.001 -18"><span class='ocrx_word' id='word_1_179' title='bbox 320 2623 496 2678; x_wconf 87' lang='lat' dir='ltr'>praesentem</span> <span class='ocrx_word' id='word_1_180' title='bbox 524 2611 614 2665; x_wconf 81' lang='lat' dir='ltr'>fuisse</span> <span class='ocrx_word' id='word_1_181' title='bbox 636 2624 803 2679; x_wconf 86' lang='lat' dir='ltr'>statuamus,</span> <span class='ocrx_word' id='word_1_182' title='bbox 837 2644 870 2656; x_wconf 91' lang='lat'><em>-</em></span> <span class='ocrx_word' id='word_1_183' title='bbox 888 2610 959 2666; x_wconf 75' lang='lat' dir='ltr'>uldra</span> <span class='ocrx_word' id='word_1_184' title='bbox 982 2609 1010 2664; x_wconf 83' lang='grc' dir='ltr'>δὲ</span> <span class='ocrx_word' id='word_1_185' title='bbox 1033 2617 1078 2664; x_wconf 79' lang='grc' dir='ltr'>καὶ</span> <span class='ocrx_word' id='word_1_186' title='bbox 1099 2606 1244 2676; x_wconf 76' lang='grc' dir='ltr'>πρόσωθεν</span> 
     </span>
     <span class='ocr_line' id='line_1_28' title="bbox 322 2669 1242 2762; baseline 0.002 -34"><span class='ocrx_word' id='word_1_187' title='bbox 322 2669 457 2745; x_wconf 69' lang='lat' dir='ltr'>donate,</span> <span class='ocrx_word' id='word_1_188' title='bbox 485 2680 545 2744; x_wconf 90' lang='lat' dir='ltr'>vel,</span> <span class='ocrx_word' id='word_1_189' title='bbox 579 2683 652 2748; x_wconf 85' lang='lat' dir='ltr'>quod</span> <span class='ocrx_word' id='word_1_190' title='bbox 671 2699 726 2736; x_wconf 89' lang='lat' dir='ltr'>uon</span> <span class='ocrx_word' id='word_1_191' title='bbox 745 2681 834 2736; x_wconf 89' lang='lat' dir='ltr'>minus</span> <span class='ocrx_word' id='word_1_192' title='bbox 852 2683 907 2735; x_wconf 89' lang='lat' dir='ltr'>buc</span> <span class='ocrx_word' id='word_1_193' title='bbox 925 2681 1065 2762; x_wconf 87' lang='lat' dir='ltr'>pertinet,</span> <span class='ocrx_word' id='word_1_194' title='bbox 1099 2676 1242 2748; x_wconf 74' lang='lat' dir='ltr'>elistydp</span> 
     </span>
     <span class='ocr_line' id='line_1_29' title="bbox 319 2741 1241 2819; baseline 0.005 -22"><span class='ocrx_word' id='word_1_195' title='bbox 319 2741 420 2812; x_wconf 71' lang='grc' dir='ltr'>αόδῆν,</span> <span class='ocrx_word' id='word_1_196' title='bbox 446 2751 541 2815; x_wconf 74' lang='grc' dir='ltr'><em>καίπερ</em></span> <span class='ocrx_word' id='word_1_197' title='bbox 558 2747 589 2802; x_wconf 83' lang='lat' dir='ltr'>ori</span> <span class='ocrx_word' id='word_1_198' title='bbox 607 2748 717 2819; x_wconf 76' lang='grc' dir='ltr'><strong>παρών,</strong></span> <span class='ocrx_word' id='word_1_199' title='bbox 736 2747 820 2816; x_wconf 74' lang='lat' dir='ltr'>droti,</span> <span class='ocrx_word' id='word_1_200' title='bbox 838 2779 872 2790; x_wconf 94' lang='lat'><em>—</em></span> <span class='ocrx_word' id='word_1_201' title='bbox 897 2766 1031 2804; x_wconf 78' lang='lat' dir='ltr'>minorem</span> <span class='ocrx_word' id='word_1_202' title='bbox 1050 2748 1132 2804; x_wconf 86' lang='lat' dir='ltr'>etiam</span> <span class='ocrx_word' id='word_1_203' title='bbox 1150 2750 1241 2802; x_wconf 81' lang='lat' dir='ltr'>offen-</span> 
     </span>
     <span class='ocr_line' id='line_1_30' title="bbox 318 2813 1241 2889; baseline 0.003 -22"><span class='ocrx_word' id='word_1_204' title='bbox 318 2813 425 2868; x_wconf 83' lang='lat' dir='ltr'>sionem</span> <span class='ocrx_word' id='word_1_205' title='bbox 449 2817 575 2885; x_wconf 81' lang='lat' dir='ltr'>creabit,</span> <span class='ocrx_word' id='word_1_206' title='bbox 609 2820 655 2887; x_wconf 86' lang='lat' dir='ltr'>si,</span> <span class='ocrx_word' id='word_1_207' title='bbox 689 2821 762 2886; x_wconf 88' lang='lat' dir='ltr'>quod</span> <span class='ocrx_word' id='word_1_208' title='bbox 788 2835 874 2889; x_wconf 88' lang='lat' dir='ltr'>supra</span> <span class='ocrx_word' id='word_1_209' title='bbox 898 2818 1019 2873; x_wconf 84' lang='lat' dir='ltr'>diximus</span> <span class='ocrx_word' id='word_1_210' title='bbox 1043 2820 1116 2872; x_wconf 88' lang='lat' dir='ltr'>haud</span> <span class='ocrx_word' id='word_1_211' title='bbox 1135 2816 1241 2888; x_wconf 89' lang='lat' dir='ltr'>impro-</span> 
     </span>
     <span class='ocr_line' id='line_1_31' title="bbox 317 2882 1246 2953; baseline 0.006 -19"><span class='ocrx_word' id='word_1_212' title='bbox 317 2882 419 2937; x_wconf 87' lang='lat' dir='ltr'>babile</span> <span class='ocrx_word' id='word_1_213' title='bbox 435 2901 514 2953; x_wconf 89' lang='lat' dir='ltr'>esse,</span> <span class='ocrx_word' id='word_1_214' title='bbox 550 2899 640 2942; x_wconf 88' lang='lat' dir='ltr'>statua</span> <span class='ocrx_word' id='word_1_215' title='bbox 658 2888 793 2942; x_wconf 86' lang='lat' dir='ltr'>Mercurii</span> <span class='ocrx_word' id='word_1_216' title='bbox 813 2889 944 2942; x_wconf 86' lang='lat' dir='ltr'>adiuerit.</span> <span class='ocrx_word' id='word_1_217' title='bbox 990 2889 1083 2943; x_wconf 86' lang='lat' dir='ltr'>Etiam</span> <span class='ocrx_word' id='word_1_218' title='bbox 1101 2889 1136 2941; x_wconf 89' lang='lat' dir='ltr'>ab</span> <span class='ocrx_word' id='word_1_219' title='bbox 1155 2885 1246 2952; x_wconf 81' lang='lat' dir='ltr'>initio,</span> 
     </span>
     <span class='ocr_line' id='line_1_32' title="bbox 319 2951 1240 3023; baseline 0.008 -20"><span class='ocrx_word' id='word_1_220' title='bbox 319 2951 567 3023; x_wconf 88' lang='lat' dir='ltr'>Gboepbororum,</span> <span class='ocrx_word' id='word_1_221' title='bbox 602 2959 650 3011; x_wconf 91' lang='lat' dir='ltr'>ubi</span> <span class='ocrx_word' id='word_1_222' title='bbox 669 2959 788 3012; x_wconf 84' lang='lat' dir='ltr'>Orestes</span> <span class='ocrx_word' id='word_1_223' title='bbox 807 2957 979 3010; x_wconf 86' lang='lat' dir='ltr'>Mercurium</span> <span class='ocrx_word' id='word_1_224' title='bbox 1005 2957 1145 3011; x_wconf 76' lang='lat' dir='ltr'>infernum</span> <span class='ocrx_word' id='word_1_225' title='bbox 1163 2956 1240 3010; x_wconf 91' lang='lat' dir='ltr'>allo·</span> 
     </span>
     <span class='ocr_line' id='line_1_33' title="bbox 320 3021 1241 3099; baseline 0.005 -25"><span class='ocrx_word' id='word_1_226' title='bbox 320 3021 434 3099; x_wconf 69' lang='lat' dir='ltr'>quitur,</span> <span class='ocrx_word' id='word_1_227' title='bbox 469 3025 675 3092; x_wconf 84' lang='lat' dir='ltr'>desimulacro</span> <span class='ocrx_word' id='word_1_228' title='bbox 692 3027 738 3081; x_wconf 90' lang='lat' dir='ltr'>dei</span> <span class='ocrx_word' id='word_1_229' title='bbox 764 3026 939 3093; x_wconf 86' lang='lat' dir='ltr'>cogitandum</span> <span class='ocrx_word' id='word_1_230' title='bbox 959 3026 1108 3080; x_wconf 84' lang='lat' dir='ltr'>csse-mibi</span> <span class='ocrx_word' id='word_1_231' title='bbox 1126 3025 1241 3080; x_wconf 87' lang='lat' dir='ltr'>videtur</span> 
     </span>
     <span class='ocr_line' id='line_1_34' title="bbox 319 3092 1239 3166; baseline 0.008 -25"><span class='ocrx_word' id='word_1_232' title='bbox 319 3103 349 3142; x_wconf 88' lang='lat' dir='ltr'>ru</span> <span class='ocrx_word' id='word_1_233' title='bbox 369 3092 473 3145; x_wconf 91' lang='lat' dir='ltr'>tumulo</span> <span class='ocrx_word' id='word_1_234' title='bbox 491 3093 704 3162; x_wconf 77' lang='lat' dir='ltr'>Agamemnonis</span> <span class='ocrx_word' id='word_1_235' title='bbox 725 3096 833 3166; x_wconf 89' lang='lat' dir='ltr'>posito,</span> <span class='ocrx_word' id='word_1_236' title='bbox 851 3097 980 3149; x_wconf 86' lang='lat' dir='ltr'>Hermam</span> <span class='ocrx_word' id='word_1_237' title='bbox 999 3095 1078 3161; x_wconf 92' lang='lat' dir='ltr'>dico,</span> <span class='ocrx_word' id='word_1_238' title='bbox 1103 3109 1174 3162; x_wconf 84' lang='lat' dir='ltr'>quos</span> <span class='ocrx_word' id='word_1_239' title='bbox 1191 3110 1239 3148; x_wconf 89' lang='lat' dir='ltr'>se-</span> 
     </span>
     <span class='ocr_line' id='line_1_35' title="bbox 314 3159 1240 3278; baseline 0.006 -67"><span class='ocrx_word' id='word_1_240' title='bbox 314 3159 448 3278; x_wconf 85' lang='lat' dir='ltr'>pulchris</span> <span class='ocrx_word' id='word_1_241' title='bbox 472 3160 578 3233; x_wconf 90' lang='lat' dir='ltr'>imponi</span> <span class='ocrx_word' id='word_1_242' title='bbox 602 3165 716 3218; x_wconf 92' lang='lat' dir='ltr'>solitum</span> <span class='ocrx_word' id='word_1_243' title='bbox 741 3164 831 3217; x_wconf 85' lang='lat' dir='ltr'>fuisse</span> <span class='ocrx_word' id='word_1_244' title='bbox 850 3164 894 3218; x_wconf 88' lang='lat' dir='ltr'>vel</span> <span class='ocrx_word' id='word_1_245' title='bbox 913 3181 930 3218; x_wconf 90' lang='lat' dir='ltr'>e</span> <span class='ocrx_word' id='word_1_246' title='bbox 948 3164 1077 3220; x_wconf 87' lang='lat' dir='ltr'>Oiceron.</span> <span class='ocrx_word' id='word_1_247' title='bbox 1095 3165 1131 3218; x_wconf 92' lang='lat' dir='ltr'>de</span> <span class='ocrx_word' id='word_1_248' title='bbox 1149 3165 1240 3232; x_wconf 78' lang='lat' dir='ltr'>Legg.</span> 
     </span>
     <span class='ocr_line' id='line_1_36' title="bbox 332 3227 1238 3303; baseline 0.009 -25"><span class='ocrx_word' id='word_1_249' title='bbox 332 3227 354 3293; x_wconf 91' lang='lat' dir='ltr'>l,</span> <span class='ocrx_word' id='word_1_250' title='bbox 372 3230 405 3283; x_wconf 77' lang='lat' dir='ltr'>Ml</span> <span class='ocrx_word' id='word_1_251' title='bbox 424 3241 539 3286; x_wconf 86' lang='lat' dir='ltr'>constat.</span> <span class='ocrx_word' id='word_1_252' title='bbox 583 3233 629 3286; x_wconf 86' lang='lat' dir='ltr'>Ex</span> <span class='ocrx_word' id='word_1_253' title='bbox 649 3250 699 3296; x_wconf 91' lang='lat' dir='ltr'>eo,</span> <span class='ocrx_word' id='word_1_254' title='bbox 733 3234 807 3299; x_wconf 87' lang='lat' dir='ltr'>quod</span> <span class='ocrx_word' id='word_1_255' title='bbox 827 3232 986 3288; x_wconf 87' lang='lat' dir='ltr'>Mercurius</span> <span class='ocrx_word' id='word_1_256' title='bbox 1005 3234 1033 3286; x_wconf 90' lang='lat' dir='ltr'>in</span> <span class='ocrx_word' id='word_1_257' title='bbox 1051 3233 1122 3288; x_wconf 88' lang='lat' dir='ltr'>attis</span> <span class='ocrx_word' id='word_1_258' title='bbox 1140 3232 1238 3303; x_wconf 91' lang='lat' dir='ltr'>operi-</span> 
     </span>
     <span class='ocr_line' id='line_1_37' title="bbox 317 3295 1238 3372; baseline 0.005 -23"><span class='ocrx_word' id='word_1_259' title='bbox 317 3295 369 3350; x_wconf 92' lang='lat' dir='ltr'>bus</span> <span class='ocrx_word' id='word_1_260' title='bbox 388 3299 508 3352; x_wconf 84' lang='lat' dir='ltr'>labulam</span> <span class='ocrx_word' id='word_1_261' title='bbox 533 3301 585 3355; x_wconf 86' lang='lat' dir='ltr'>bac</span> <span class='ocrx_word' id='word_1_262' title='bbox 608 3301 752 3370; x_wconf 81' lang='lat' dir='ltr'>tragoedia</span> <span class='ocrx_word' id='word_1_263' title='bbox 777 3312 918 3358; x_wconf 88' lang='lat' dir='ltr'>tractatam</span> <span class='ocrx_word' id='word_1_264' title='bbox 942 3303 1107 3357; x_wconf 85' lang='lat' dir='ltr'>sistentibus</span> <span class='ocrx_word' id='word_1_265' title='bbox 1133 3302 1238 3372; x_wconf 85' lang='lat' dir='ltr'>passim</span> 
     </span>
     <span class='ocr_line' id='line_1_38' title="bbox 315 3371 1237 3442; baseline 0.01 -25"><span class='ocrx_word' id='word_1_266' title='bbox 315 3379 544 3435; x_wconf 87' lang='lat' dir='ltr'>repraesentatus</span> <span class='ocrx_word' id='word_1_267' title='bbox 562 3380 620 3435; x_wconf 90' lang='lat' dir='ltr'>est,</span> <span class='ocrx_word' id='word_1_268' title='bbox 647 3371 720 3424; x_wconf 90' lang='lat' dir='ltr'>nihil</span> <span class='ocrx_word' id='word_1_269' title='bbox 740 3372 938 3442; x_wconf 83' lang='lat' dir='ltr'>colligendum.</span> <span class='ocrx_word' id='word_1_270' title='bbox 980 3373 1147 3439; x_wconf 75' lang='lat' dir='ltr'>Quamquam</span> <span class='ocrx_word' id='word_1_271' title='bbox 1167 3372 1237 3426; x_wconf 89' lang='lat' dir='ltr'>haec</span> 
     </span>
     <span class='ocr_line' id='line_1_39' title="bbox 314 3434 1238 3510; baseline 0.011 -25"><span class='ocrx_word' id='word_1_272' title='bbox 314 3434 406 3488; x_wconf 88' lang='lat' dir='ltr'>omnia</span> <span class='ocrx_word' id='word_1_273' title='bbox 425 3436 509 3490; x_wconf 83' lang='lat' dir='ltr'>nihili</span> <span class='ocrx_word' id='word_1_274' title='bbox 538 3449 633 3494; x_wconf 87' lang='lat' dir='ltr'>essent</span> <span class='ocrx_word' id='word_1_275' title='bbox 658 3442 816 3510; x_wconf 88' lang='lat' dir='ltr'>pendenda,</span> <span class='ocrx_word' id='word_1_276' title='bbox 851 3441 876 3496; x_wconf 90' lang='lat' dir='ltr'>si</span> <span class='ocrx_word' id='word_1_277' title='bbox 891 3438 910 3494; x_wconf 78' lang='lat' dir='ltr'>&#39;e</span> <span class='ocrx_word' id='word_1_278' title='bbox 929 3440 1023 3495; x_wconf 87' lang='lat' dir='ltr'>verbis</span> <span class='ocrx_word' id='word_1_279' title='bbox 1042 3441 1168 3510; x_wconf 84' lang='lat' dir='ltr'>Ohoeph.</span> <span class='ocrx_word' id='word_1_280' title='bbox 1186 3441 1238 3495; x_wconf 89' lang='lat' dir='ltr'>Vs.</span> 
     </span>
     <span class='ocr_line' id='line_1_40' title="bbox 315 3505 1237 3579; baseline 0.008 -24"><span class='ocrx_word' id='word_1_281' title='bbox 315 3505 384 3579; x_wconf 80' lang='grc'><strong>1059</strong></span> <span class='ocrx_word' id='word_1_282' title='bbox 416 3506 537 3575; x_wconf 87' lang='lat' dir='ltr'>prolatis</span> <span class='ocrx_word' id='word_1_283' title='bbox 563 3518 649 3563; x_wconf 81' lang='lat' dir='ltr'>certo.</span> <span class='ocrx_word' id='word_1_284' title='bbox 673 3511 852 3578; x_wconf 82' lang='lat' dir='ltr'>efficeretur,</span> <span class='ocrx_word' id='word_1_285' title='bbox 886 3511 1027 3564; x_wconf 84' lang='lat' dir='ltr'>Mercurii</span> <span class='ocrx_word' id='word_1_286' title='bbox 1053 3528 1087 3564; x_wconf 90' lang='lat' dir='ltr'>eo</span> <span class='ocrx_word' id='word_1_287' title='bbox 1116 3509 1145 3565; x_wconf 88' lang='lat' dir='ltr'>in</span> <span class='ocrx_word' id='word_1_288' title='bbox 1171 3510 1237 3563; x_wconf 94' lang='lat' dir='ltr'>loco</span> 
     </span>
     <span class='ocr_line' id='line_1_41' title="bbox 313 3572 1237 3702; baseline 0.008 -77"><span class='ocrx_word' id='word_1_289' title='bbox 313 3572 484 3698; x_wconf 50' lang='lat' dir='ltr'>ffiimbfl‘g</span> <span class='ocrx_word' id='word_1_290' title='bbox 501 3576 576 3699; x_wconf 62' lang='lat' dir='ltr'>pieri.</span> <span class='ocrx_word' id='word_1_291' title='bbox 602 3579 643 3702; x_wconf 86' lang='lat' dir='ltr'>dld</span> <span class='ocrx_word' id='word_1_292' title='bbox 661 3581 736 3702; x_wconf 65' lang='lat' dir='ltr'>quold</span> <span class='ocrx_word' id='word_1_293' title='bbox 756 3598 810 3634; x_wconf 92' lang='lat' dir='ltr'>non</span> <span class='ocrx_word' id='word_1_294' title='bbox 828 3579 1020 3702; x_wconf 42' lang='lat' dir='ltr'>peccesarium·</span> <span class='ocrx_word' id='word_1_295' title='bbox 1035 3591 1079 3634; x_wconf 89' lang='lat' dir='ltr'>est</span> <span class='ocrx_word' id='word_1_296' title='bbox 1097 3590 1237 3702; x_wconf 68' lang='lat' dir='ltr'>eldeum-</span> 
     </span>
     <span class='ocr_line' id='line_1_42' title="bbox 360 3663 1237 3704; baseline 0.003 -5"><span class='ocrx_word' id='word_1_297' title='bbox 360 3676 367 3692; x_wconf 86' lang='lat'><strong>·</strong></span> <span class='ocrx_word' id='word_1_298' title='bbox 514 3664 530 3700; x_wconf 91' lang='lat' dir='ltr'>u</span> <span class='ocrx_word' id='word_1_299' title='bbox 557 3663 601 3700; x_wconf 89' lang='lat' dir='ltr'>me</span> <span class='ocrx_word' id='word_1_300' title='bbox 623 3665 651 3701; x_wconf 88' lang='lat' dir='ltr'>ro</span> <span class='ocrx_word' id='word_1_301' title='bbox 679 3665 751 3702; x_wconf 89' lang='lat' dir='ltr'>rem</span> <span class='ocrx_word' id='word_1_302' title='bbox 774 3665 861 3702; x_wconf 89' lang='lat' dir='ltr'>uena</span> <span class='ocrx_word' id='word_1_303' title='bbox 951 3665 1038 3702; x_wconf 87' lang='lat' dir='ltr'>amvrs</span> <span class='ocrx_word' id='word_1_304' title='bbox 1065 3667 1080 3702; x_wconf 90' lang='lat' dir='ltr'>e</span> <span class='ocrx_word' id='word_1_305' title='bbox 1103 3665 1130 3702; x_wconf 89' lang='lat' dir='ltr'>nt</span> <span class='ocrx_word' id='word_1_306' title='bbox 1153 3664 1194 3704; x_wconf 88' lang='lat' dir='ltr'>eru</span> <span class='ocrx_word' id='word_1_307' title='bbox 1220 3665 1237 3702; x_wconf 91' lang='lat' dir='ltr'>a</span> 
     </span>
     <span class='ocr_line' id='line_1_43' title="bbox 313 3667 1234 3786; baseline 0.008 -25"><span class='ocrx_word' id='word_1_308' title='bbox 313 3707 441 3778; x_wconf 89' lang='lat' dir='ltr'>partibus</span> <span class='ocrx_word' id='word_1_309' title='bbox 461 3712 667 3784; x_wconf 88' lang='lat' dir='ltr'>Schlegelii</span> <span class='ocrx_word' id='word_1_310' title='bbox 686 3667 770 3772; x_wconf 82' lang='lat' dir='ltr'>stareq</span> <span class='ocrx_word' id='word_1_311' title='bbox 779 3687 881 3772; x_wconf 83' lang='lat' dir='ltr'>malini.</span> <span class='ocrx_word' id='word_1_312' title='bbox 913 3667 1013 3772; x_wconf 70' lang='lat' dir='ltr'>qriliud</span> <span class='ocrx_word' id='word_1_313' title='bbox 1031 3667 1234 3786; x_wconf 72' lang='lat' dir='ltr'>argimentum,</span> 
     </span>
     <span class='ocr_line' id='line_1_44' title="bbox 311 3783 1234 3858; baseline 0.01 -28"><span class='ocrx_word' id='word_1_314' title='bbox 311 3793 368 3858; x_wconf 81' lang='lat' dir='ltr'>quo</span> <span class='ocrx_word' id='word_1_315' title='bbox 387 3783 544 3838; x_wconf 85' lang='lat' dir='ltr'>sententiae</span> <span class='ocrx_word' id='word_1_316' title='bbox 562 3784 767 3854; x_wconf 79' lang='lat' dir='ltr'>Scblcgelii</span> <span class='ocrx_word' id='word_1_317' title='bbox 787 3787 910 3858; x_wconf 88' lang='lat' dir='ltr'>speciem</span> <span class='ocrx_word' id='word_1_318' title='bbox 929 3788 1064 3855; x_wconf 88' lang='lat' dir='ltr'>quandam</span> <span class='ocrx_word' id='word_1_319' title='bbox 1082 3784 1234 3839; x_wconf 90' lang='lat' dir='ltr'>conciliari</span> 
     </span>
     <span class='ocr_line' id='line_1_45' title="bbox 311 3847 1233 3928; baseline 0.013 -30"><span class='ocrx_word' id='word_1_320' title='bbox 311 3847 404 3915; x_wconf 83' lang='lat' dir='ltr'>dicas,</span> <span class='ocrx_word' id='word_1_321' title='bbox 423 3866 489 3904; x_wconf 87' lang='lat' dir='ltr'>mox</span> <span class='ocrx_word' id='word_1_322' title='bbox 506 3855 655 3923; x_wconf 89' lang='lat' dir='ltr'>apparebit</span> <span class='ocrx_word' id='word_1_323' title='bbox 673 3873 711 3909; x_wconf 85' lang='lat' dir='ltr'>ex</span> <span class='ocrx_word' id='word_1_324' title='bbox 728 3873 778 3923; x_wconf 88' lang='lat' dir='ltr'>eo,</span> <span class='ocrx_word' id='word_1_325' title='bbox 802 3859 876 3923; x_wconf 92' lang='lat' dir='ltr'>quod</span> <span class='ocrx_word' id='word_1_326' title='bbox 894 3858 1003 3928; x_wconf 84' lang='lat' dir='ltr'>Apollo</span> <span class='ocrx_word' id='word_1_327' title='bbox 1021 3855 1085 3926; x_wconf 90' lang='lat' dir='ltr'>ipse</span> <span class='ocrx_word' id='word_1_328' title='bbox 1104 3856 1233 3910; x_wconf 90' lang='lat' dir='ltr'>Orestem</span> 
     </span>
     <span class='ocr_line' id='line_1_46' title="bbox 312 3915 589 3978; baseline 0.025 -11"><span class='ocrx_word' id='word_1_329' title='bbox 312 3915 349 3968; x_wconf 90' lang='lat' dir='ltr'>de</span> <span class='ocrx_word' id='word_1_330' title='bbox 366 3933 449 3972; x_wconf 86' lang='lat' dir='ltr'>scena</span> <span class='ocrx_word' id='word_1_331' title='bbox 467 3921 589 3978; x_wconf 91' lang='lat' dir='ltr'>deducit.</span> 
     </span>
     <span class='ocr_line' id='line_1_47' title="bbox 233 3980 1235 4062; baseline 0.001 -17"><span class='ocrx_word' id='word_1_332' title='bbox 233 3980 279 4045; x_wconf 74' lang='lat' dir='ltr'>²6i</span> <span class='ocrx_word' id='word_1_333' title='bbox 312 3985 415 4048; x_wconf 68' lang='lat' dir='ltr'>Addet.</span> <span class='ocrx_word' id='word_1_334' title='bbox 433 3989 467 4043; x_wconf 79' lang='lat' dir='ltr'>ad</span> <span class='ocrx_word' id='word_1_335' title='bbox 486 3991 536 4046; x_wconf 83' lang='lat' dir='ltr'>Vs.</span> <span class='ocrx_word' id='word_1_336' title='bbox 552 3996 608 4048; x_wconf 63' lang='lat' dir='ltr'>dd:</span> <span class='ocrx_word' id='word_1_337' title='bbox 633 3989 792 4062; x_wconf 58' lang='grc' dir='ltr'>Ἐπιφανής</span> <span class='ocrx_word' id='word_1_338' title='bbox 807 3989 949 4050; x_wconf 75' lang='grc' dir='ltr'>Ἀπόλλων</span> <span class='ocrx_word' id='word_1_339' title='bbox 966 3987 1140 4060; x_wconf 75' lang='grc' dir='ltr'><strong><em>συμβουλεῦει</em></strong></span> <span class='ocrx_word' id='word_1_340' title='bbox 1156 3987 1235 4060; x_wconf 79' lang='grc' dir='ltr'><strong><em>’0ρέ-</em></strong></span> 
     </span>
     <span class='ocr_line' id='line_1_48' title="bbox 311 4055 1234 4133; baseline 0.012 -27"><span class='ocrx_word' id='word_1_341' title='bbox 311 4073 358 4128; x_wconf 80' lang='grc' dir='ltr'>στῃ</span> <span class='ocrx_word' id='word_1_342' title='bbox 384 4055 541 4115; x_wconf 70' lang='grc' dir='ltr'>καταλιπεῖν</span> <span class='ocrx_word' id='word_1_343' title='bbox 563 4059 614 4132; x_wconf 76' lang='grc' dir='ltr'>μὲν</span> <span class='ocrx_word' id='word_1_344' title='bbox 637 4058 671 4117; x_wconf 77' lang='lat' dir='ltr'>sti</span> <span class='ocrx_word' id='word_1_345' title='bbox 698 4065 837 4132; x_wconf 69' lang='lat' dir='ltr'>porteion,</span> <span class='ocrx_word' id='word_1_346' title='bbox 872 4065 965 4133; x_wconf 74' lang='grc' dir='ltr'>φυγεῖν</span> <span class='ocrx_word' id='word_1_347' title='bbox 989 4061 1017 4116; x_wconf 78' lang='lat' dir='ltr'>di</span> <span class='ocrx_word' id='word_1_348' title='bbox 1044 4057 1080 4116; x_wconf 82' lang='lat' dir='ltr'>ait</span> <span class='ocrx_word' id='word_1_349' title='bbox 1101 4057 1234 4128; x_wconf 62' lang='grc' dir='ltr'>Ἀθήνας.</span> 
     </span>
    </p>
   </div>
   <div class='ocr_carea' id='block_1_5' title="bbox 0 0 1390 4690">
    <p class='ocr_par' dir='ltr' id='par_1_5' title="bbox 0 0 1390 4690">
     <span class='ocr_line' id='line_1_49' title="bbox 0 0 1390 4690; baseline 0 8"><span class='ocrx_word' id='word_1_350' title='bbox 0 0 1390 4690; x_wconf 95' lang='lat' dir='ltr'> </span> 
     </span>
    </p>
   </div>
  </div>
 </body>
</html>
