2770 4690
229 359 384 438 XLVIIl

136 528 146 552 ‘
230 559 314 628 pem
339 530 529 622 sustineat,
573 532 635 628 qui
660 532 826 606 Orestem
853 546 888 604 et
913 530 1088 605 vaticinio
1112 529 1258 625 jusserit

230 651 389 709 matrem
432 632 637 708 interficere
677 648 713 722 et
751 633 796 707 ad
838 633 1015 728 templum
1060 629 1258 704 ineundum
1299 639 1304 652 ‘

331 930 384 986 pro
410 911 518 984 placito
547 911 692 967 Gerelli
723 919 808 982 atque
834 911 1071 980 Bambergeri
1099 927 1116 964 e
1143 911 1257 966 diuersa

330 983 457 1063 ratione,
477 997 546 1062 ,qua
564 981 644 1034 chori
665 996 758 1062 partes
778 982 806 1035 in
826 983 896 1035 libri
916 982 1175 1062 designatae'sunt,
1209 995 1256 1058 re-

330 1051 815 1198 libriliiuiibl‘loliliis
829 1049 1257 1189 titt?“tgtult¹·ttt¹td:

329 1189 430 1260 spicue
457 1188 509 1256 sit,
545 1205 625 1255 quam
652 1187 681 1242 in
706 1187 791 1254 aliis,
823 1207 848 1242 v.
867 1205 891 1244 c.
915 1187 944 1242 in
973 1187 1023 1252 ris,
1058 1205 1131 1255 quae
1153 1187 1256 1241 aVss.

329 1259 494 1313 resectis
521 1255 670 1328 incipiunt.
720 1258 813 1313 Quare
840 1265 960 1326 atroqpe
987 1259 1042 1310 boo
1069 1267 1200 1327 respectu
1227 1265 1256 1310 et

329 1325 491 1382 accuratius
521 1342 579 1379 rem
605 1341 681 1380 suam
707 1326 806 1395 egisse
829 1336 858 1381 et
884 1325 974 1394 magis
1000 1325 1060 1380 sibi
1087 1325 1255 1380 constitisse
1319 1321 1326 1330 '

329 1395 487 1450 censendus
505 1406 549 1449 est
568 1395 816 1464 Droysenius,
847 1395 898 1462 qui
915 1412 970 1450 non
989 1396 1078 1448 solum
1103 1395 1170 1463 illa,
1202 1393 1256 1447 sed

329 1465 413 1518 etiam
433 1467 501 1518 baec
520 1461 594 1517 inter
609 1464 735 1532 singulas
753 1479 889 1535 personas
904 1463 1046 1518 diviserit.
1078 1464 1155 1518 Idem
1170 1464 1256 1517 etiam

329 1534 360 1587 id
378 1544 494 1588 conatus
510 1543 571 1598 est,
603 1544 704 1588 utnon
729 1546 822 1587 ternas
839 1532 942 1587 Furias
964 1533 1114 1599 loquentes
1136 1534 1255 1598 laceret,

329 1603 380 1656 sed
404 1603 519 1672 plures,
550 1619 602 1656 nec
626 1603 756 1672 prolecto
776 1603 947 1673 Aeschylum
972 1600 1062 1668 illud,
1095 1603 1169 1669 quod
1188 1599 1255 1668 qui-

328 1672 391 1724 dam
415 1681 557 1738 statuunt,
589 1670 743 1725 discrimen
767 1668 843 1725 inter
867 1683 925 1726 tres
943 1671 1045 1726 Furias
1070 1688 1122 1742 pro
1143 1672 1202 1724 rias
1226 1679 1256 1723 et

327 1740 475 1797 duodecim
496 1741 583 1819 alias,
608 1741 721 1793 illarum
738 1739 900 1806 ministras,
917 1740 1023 1794 secisse
1040 1690 1181 1800 erectius
1199 1749 1254 1794 est.

327 1810 382 1863 Est
397 1821 502 1875 antem,
520 1820 629 1878 pariter
645 1820 729 1875 atque
747 1808 942 1875 Gerellus‚
968 1825 1059 1876 neque
1078 1809 1125 1863 bic
1144 1809 1188 1863 vir
1205 1809 1257 1862 do·

328 1890 389 1933 ctus
409 1879 469 1931 ulla
486 1876 543 1930 alia
568 1877 678 1930 ratione
695 1876 730 1929 ad
754 1876 883 1932 diverbia
908 1879 984 1932 inter
1006 1877 1135 1941 singulas
1153 1894 1254 1948 perso·

327 1961 377 2000 nas
395 1946 595 2000 distribuenda
611 1945 780 2015 perductus,
799 1962 879 2013 quam
898 1956 1018 2001 externa
1035 1947 1089 2000 illa
1105 1961 1190 2015 atque
1209 1947 1253 2000 irt-

327 2017 407 2069 firma
425 2014 578 2068 admodum.
623 2014 685 2069 Qua
710 2016 830 2081 rejecta,
864 2015 929 2082 quis
948 2033 1003 2070 non
1030 2015 1204 2084 potissimum
1223 2015 1254 2069 in

328 2087 383 2138 illo
401 2083 548 2148 diverbio,
579 2084 653 2149 quod
673 2082 774 2153 incipit
791 2099 808 2137 a
827 2084 876 2139 Vs.
894 2087 959 2151 681,
986 2085 1198 2148 commotionis,
1226 2084 1253 2138 si

310 2155 402 2222 ¹quod
427 2151 521 2220 aliud,
572 2152 656 2220 leno,
688 2153 785 2223 plures
803 2154 954 2208 choreutas
976 2153 1098 2208 invicem
1116 2156 1254 2210 recitasse

327 2221 501 2298 credideriti
568 2237 643 2274 erum
666 2221 739 2274 enim
765 2239 832 2275 vero
854 2223 983 2289 equidem
1002 2224 1066 2276 dum
1091 2239 1253 2294 persuasum

326 2293 435 2355 liabeo,
467 2289 572 2353 omnia,
606 2306 678 2358 quae
695 2306 779 2360 super
797 2293 849 2344 hac
867 2307 899 2346 re
916 2293 1007 2348 adhuc
1025 2293 1137 2363 prolata
1155 2296 1219 2347 aunt
1237 2308 1255 2344 a

326 2361 399 2415 viris
417 2359 521 2425 doctis,
539 2359 615 2412 nibil
635 2360 766 2430 probare,
785 2360 873 2413 nolim
890 2361 1004 2428 quidem
1023 2363 1183 2442 praefracte
1202 2376 1254 2414 ue·

325 2447 408 2500 gare,
435 2428 501 2482 lieri
521 2444 619 2498 posse,
642 2429 739 2482 eadem
758 2440 788 2482 ut
806 2429 897 2484 locum
917 2430 1064 2494 babuerit,
1090 2446 1252 2499 quamquam

325 2499 433 2553 animus
450 2512 528 2551 meus
546 2497 616 2551 banc
634 2497 663 2550 in
682 2499 849 2552 sententiam
869 2500 1040 2581 propendet,
1061 2512 1092 2555 ut
1108 2501 1138 2556 in
1154 2501 1252 2554 diuer-

325 2568 383 2622 biis
402 2568 530 2621 omnibus
547 2569 638 2620 solum
658 2568 849 2638 coryphaeum
867 2568 979 2624 dixisse
996 2569 1171 2634 existimem,
1202 2568 1253 2622 sed

325 2653 409 2690 unum
426 2637 546 2690 nondum
560 2637 737 2690 observatum
752 2651 768 2688 a
785 2654 938 2704 quoquam,
957 2637 1015 2692 uisi
1029 2640 1064 2691 ab
1083 2656 1137 2694 nuo
1151 2640 1252 2692 Boet-

324 2704 445 2784 ligero
464 2705 486 2786 l,
504 2722 528 2785 c.
546 2721 573 2774 p.
592 2707 640 2766 ts,
670 2707 762 2759 adnot.
770 2739 778 2769 ‚
811 2705 923 2788 iudicio
941 2707 1067 2761 uirorum
1086 2708 1254 2790 intelligen-

323 2772 1253 2922 ttttltlsstttu,ituttttttttttltdlttltlt

305 2969 307 2978 ,
323 2927 461 2966 consensu
480 2911 660 2965 adnumerata
677 2924 720 2965 est
738 2926 793 2972 ns,
819 2914 867 2966 nbr
886 2913 985 2983 plures
1004 2914 1095 2968 Chori
1114 2931 1253 2985 personae

324 2981 477 3034 dixissent.
514 2981 571 3032 Ille
590 2992 678 3033 tamen
699 2991 845 3049 postquam
861 2998 922 3034 cum
937 2984 973 3035 de
991 2983 1123 3038 uniuersa
1140 2986 1191 3038 hac
1209 2984 1253 3036 fa·

324 3050 407 3115 bula,
441 3062 496 3104 tum
515 3049 550 3102 de
569 3049 620 3102 hac
646 3049 709 3118 ipsa
726 3065 825 3114 scena,
858 3062 983 3118 tanquam
1003 3053 1032 3106 in
1058 3069 1090 3106 re
1108 3053 1181 3107 nulli
1199 3053 1253 3105 du-

324 3117 460 3172 bitationi
478 3117 617 3181 obnoxia,
636 3118 707 3170 haec
726 3117 839 3186 posuit:
866 3120 957 3174 »Dort
974 3120 1080 3178 kouute
1098 3123 1141 3176 als
1159 3123 1254 3192 Cory·

323 3189 430 3258 phaeus
448 3187 498 3240 des
516 3187 608 3240 Chors
626 3187 696 3239 ancli
715 3203 768 3239 nur
786 3185 850 3240 eine
868 3187 982 3256 einzige
1000 3190 1087 3244 Furio
1105 3193 1155 3252 das
1175 3191 1253 3246 Vor-

323 3267 399 3312 wort
416 3256 519 3310 liibren
544 3256 599 3308 und
624 3257 695 3308 auch
720 3255 770 3308 auf
786 3256 847 3309 dem
866 3258 1032 3329 Areopagns
1050 3277 1103 3312 nur
1119 3262 1174 3314 den
1194 3262 1254 3313 An·

321 3327 426 3394 lrldger
447 3325 594 3388 moeliens
629 3323 658 3378 in
681 3325 915 3445 empserationem
938 3340 1021 3410 vocat
1038 3329 1138 3416 Eupip.
1156 3332 1253 3416 qrest.

322 3393 670 3549 tunultu„
687 3394 1254 3548 tt„:2ttr:utttt⁰strt·tur

321 3533 1094 3679 tittltltrtjttltxltittttteltulult
1111 3539 1254 3669 ,iiiiii

322 3687 377 3724 non
396 3679 457 3737 est,
485 3670 566 3723 ualde
586 3670 737 3738 probabile
755 3669 866 3736 reddit,
886 3671 968 3725 etiam
987 3676 1061 3742 apud
1081 3674 1252 3744 Aeschylum

322 3754 402 3792 urnam
426 3748 529 3820 tantum
548 3738 680 3818 Furiam,
713 3754 793 3818 quam
819 3741 999 3828 maximam
1017 3744 1163 3812 appellant
1200 3759 1252 3797 oe-

319 3807 799 3956 utlutulrutrrtur?-
812 3809 1170 3947 slttrututn,
1187 3813 1253 3946 ts:

320 3947 510 4066 coerlraeum
529 3955 612 4014 puta,
632 3945 784 4009 injudicio
802 3948 889 4001 verba
908 3945 1020 4003 secisse.
1056 3949 1182 4005 Quodsi
1202 3967 1252 4004 ve-

321 4031 353 4067 ro
393 4031 445 4068 unc
464 4015 494 4067 in
520 4016 575 4068 boc
592 4012 725 4066 diverbio
749 4015 839 4076 solum
862 4015 1000 4070 recitasse
1024 4019 1176 4088 probabile
1194 4029 1251 4084 est,

319 4083 406 4137 —de
433 4082 525 4154 primo
551 4098 636 4140 versu
664 4081 786 4137 iuferius
813 4099 865 4140 sno
893 4084 958 4140 loco
984 4101 1076 4156 pauca
1101 4088 1199 4142 eddam
1218 4119 1253 4129 -
