2796 4694
188 349 336 427 CXXVI

159 490 233 600 'sit
251 521 326 618 ¹2⁵).
380 523 450 598 Sed
480 520 603 596 statim
637 520 752 593 lenius
788 535 896 618 agere
934 517 1061 618 pergit.
1115 518 1213 594 Nihil

285 765 344 804 eam
363 749 438 802 sacas
464 751 612 820 habuisse;
647 769 702 820 qna
730 748 949 806 ratiocinatione
972 754 1029 817 jnm
1047 750 1075 804 in
1094 751 1212 807 Adnott.

184 851 187 860 ι
284 837 312 890 p.
330 821 382 874 913
400 817 441 873 uti
459 831 593 889 poteram.
637 825 719 887 Alia,
753 821 927 889 quaenobis
954 837 1025 874 noua
1045 821 1214 890 repperisse

286 887 428 954 videmus,
447 891 481 940 ad
500 892 671 962 Aeschylum
691 891 891 945 illustrandum
911 905 965 943 non
985 890 1161 953 necessaria,
1182 889 1212 942 in

286 957 373 1010 elium
400 967 431 1011 et
457 959 547 1010 locum
573 972 602 1013 et
627 970 735 1030 tempus
763 958 883 1038 differre
909 959 1041 1037 praestat.
1093 958 1212 1039 interim

286 1028 1052 1176 hulst.‘nhc,thuriisltiltlhlllf
1070 1043 1212 1177 λ’ἒλλλῗ

285 1164 1212 1301 ll.lfl.‘¹l{..l¹¹.tl.¹‚‘{lmahtildis..Adeitha'lt

285 1303 400 1369 reliquo
420 1316 474 1357 tum
493 1317 626 1372 quattuor
644 1305 707 1358 illis
728 1303 851 1373 puellis,
882 1320 997 1369 quarum
1018 1304 1088 1356 duae
1107 1316 1212 1358 tantum

286 1373 447 1447 Ersephori
468 1375 699 1442 appellabantur,
728 1371 888 1442 disputasse
908 1371 936 1425 in
963 1372 1055 1425 libror
1093 1373 1212 1439 »Adge-

286 1441 380 1496 meine
399 1442 631 1513 Encyclopaedie
649 1441 960 1504 der,Wissenschaiten
980 1443 1035 1494 und
1053 1441 1208 1506 Kuenste,‹

285 1510 353 1564 loco
369 1514 426 1579 jam
444 1527 528 1580 supra
547 1513 649 1577 citato,
669 1531 696 1582 p.
715 1514 764 1575 st,
783 1512 805 1576 ξ.
824 1515 866 1564 17.
908 1509 964 1563 Sed
984 1509 1125 1575 hodieque
1144 1529 1211 1563 cen-

284 1595 350 1645 seo,
386 1582 450 1634 loco
468 1581 630 1651 Aeschyleo
649 1598 704 1634 non
722 1595 818 1633 omnes
837 1578 979 1632 ministras
1007 1579 1210 1644 intelligendas

284 1665 364 1714 esse,
399 1667 495 1724 verum
525 1662 639 1722 praeter
665 1651 838 1703 sacerdotem
866 1649 954 1717 ipsam
983 1647 1124 1717 imprimis
1151 1664 1210 1716 eas,

284 1719 387 1786 quibus
413 1720 526 1772 nomina
549 1730 629 1773 erant
646 1716 749 1786 Knopos*
774 1728 802 1772 et
822 1713 1030 1783 Τραπεζοφὸροσ
1055 1716 1116 1770 sive
1137 1723 1211 1784 Τρα-

283 1785 373 1854 mul,
402 1787 464 1842 siue
482 1789 535 1841 hae
552 1790 664 1841 eaedem
687 1789 801 1842 luerunt
818 1787 978 1854 Ersephori
997 1785 1058 1839 sive
1075 1802 1130 1838 non
1147 1787 1211 1840 sue·

285 1869 366 1921 runt,
398 1874 458 1910 nam
478 1857 556 1926 prius
575 1856 647 1911 illud
666 1867 744 1910 certe
769 1873 822 1910 uon
842 1855 988 1925 expressis
1008 1855 1105 1909 uerbis
1124 1864 1211 1909 testa-

283 1935 341 1980 tum
359 1936 415 1990 est,
450 1938 480 1979 ut
498 1926 699 1979 Muellerus
717 1942 790 1978 nunc
808 1934 886 1978 recte
912 1935 1023 1990 mutnet,
1059 1923 1109 1990 qui
1135 1924 1210 1992 idem

285 1993 356 2049 viam
383 1992 491 2048 inuenit
515 1994 594 2047 locos
617 1995 787 2063 scriptorum
813 2005 938 2046 veterum
958 1993 997 2046 ita
1023 1991 1209 2059 conciliandi,

284 2075 316 2118 ut
335 2062 523 2117 habitaculum
534 2065 759 2133 Ersephororum
778 2079 859 2116 uuum
879 2073 993 2128 tantum,
1012 2077 1111 2130 nempe
1128 2063 1209 2132 aedi-

285 2132 375 2188 culam
395 2134 474 2186 illam
491 2131 554 2185 aedi
568 2133 715 2186 Minervae
734 2130 866 2196 vicinam,
884 2131 972 2184 fuisse
992 2130 1143 2200 probabile
1161 2132 1208 2186 sit.

183 2227 245 2296 125)
286 2225 418 2280 Cir-Vs.
437 2227 485 2277 791
504 2239 563 2291 sq,
599 2223 646 2292 qui
672 2224 753 2278 locus
777 2239 846 2291 quas
871 2223 1058 2276 difficultates
1082 2223 1210 2291 haberet,

284 2311 365 2350 nemo
382 2293 473 2347 adhuc
491 2294 587 2347 sensit.
625 2294 720 2348 Verba
737 2291 808 2360 μόνη
824 2289 898 2346 θεῶν
916 2293 1001 2359 vulgo
1021 2292 1210 2362 interpretan-

287 2375 346 2420 tur:
376 2363 437 2416 sola
455 2364 607 2416 deorum.
641 2363 757 2431 Ergone
774 2379 827 2416 nee
844 2360 979 2432 iuppiter
996 2358 1093 2428 κλῇδας
1109 2358 1165 2416 οἶδε
1182 2381 1208 2415 κ.

282 2453 307 2488 τ.
327 2431 368 2486 At
405 2433 460 2486 Sed
478 2433 557 2486 dicat
575 2432 698 2498 uliquis,
727 2432 826 2485 dorem
844 2448 896 2502 per
913 2447 944 2483 se
963 2415 1088 2497 intelligi
1109 2450 1125 2484 e
1144 2449 1208 2484 ver-

282 2503 329 2558 bis
352 2499 540 2569 antegressis:
573 2498 644 2568 udyol
660 2503 874 2567 πέποιθα-Ζηνί.
910 2500 1012 2551 Audio.
1048 2499 1122 2554 Quid
1140 2517 1208 2554 vero

282 2572 342 2627 sibi
368 2573 429 2624 uult
454 2571 563 2623 locutio
587 2567 684 2642 κλῇδας
705 2569 786 2623 olda?
838 2568 1001 2622 Advocahat
1024 2571 1080 2634 jam
1098 2570 1208 2622 Abre-

286 2640 407 2695 schius
426 2639 580 2692 Minervam
600 2640 785 2708 clavigeram,
820 2638 868 2692 cui
892 2638 978 2690 uerbo
1004 2649 1121 2703 tantum,
1157 2640 1208 2693 sed

283 2715 362 2778 jure,
380 2709 544 2761 adversatus
563 2722 607 2763 est
625 2710 809 2762 Butlerus.
845 2708 972 2762 Attamen
992 2705 1070 2758 illem
1090 2708 1143 2760 hoc
1162 2707 1207 2760 lo·

284 2796 319 2834 co
343 2776 558 2844 intelligendam
578 2787 645 2830 'esse
669 2779 760 2830 adhuc
778 2775 974 2830 Dissenius
992 2775 1145 2829 arbitratus
1164 2787 1209 2832 eat

212 2864 214 2876 ¹
283 2849 378 2902 adnot.
397 2846 431 2899 ad
453 2845 537 2899 Pind.
557 2846 642 2918 Pyth.
664 2847 747 2912 Vlll,
765 2848 794 2906 A,
814 2861 841 2916 p.
859 2846 910 2900 983
931 2846 973 2898 ed.
994 2844 1095 2908 Goth,
1113 2846 1208 2899 Wel-

283 2917 412 2972 clrerua
439 2915 475 2968 de
503 2914 600 2982 trilog.
619 2917 722 2969 Aesch.
740 2932 767 2985 p.
786 2914 851 2977 979,
871 2915 933 2966 adn.
950 2915 999 2966 l8l
1025 2915 1070 2968 uel
1096 2913 1124 2967 in
1148 2931 1208 2968 eam

283 2983 448 3040 sententiam
467 2983 555 3050 abiit,
591 2995 623 3039 ut
639 2984 793 3037 Minervam
812 2983 848 3035 ob
868 2981 897 3036 id
916 2983 1022 3052 ipsum,
1058 2985 1132 3050 quod
1151 2982 1207 3038 hoc

283 3056 350 3110 loco
374 3053 602 3122 praedicaretur,
636 3044 781 3125 κλῃδοῦχον
798 3053 895 3106 vocari
914 3062 1043 3106 censeret
1060 3053 1209 3122 Aristoph.

284 3123 457 3192 Thesmoph.
486 3123 538 3176 Vs.
557 3125 640 3186 11423
678 3131 762 3188 atque
794 3122 877 3174 etiam
905 3121 1084 3174 Aemilius
1116 3122 1207 3175 Rue·

282 3194 434 3247 chartus
453 3191 483 3245 in
502 3191 593 3257 libro,
618 3208 673 3259 quo
692 3191 727 3244 de
746 3192 823 3245 cultu
843 3190 989 3244 Minervae
1007 3191 1157 3260 exposuit,
1177 3209 1206 3260 p.

282 3265 331 3328 49,
358 3263 452 3316 adnot.
470 3264 517 3323 57,
554 3263 608 3314 hoc
635 3259 774 3330 Aeschyli
802 3261 866 3314 loco
898 3260 932 3312 ad
958 3259 1031 3311 illud
1060 3260 1206 3313 Minervae

195 3347 196 3352 ¹
285 3347 438 3400 cognomen
462 3330 562 3382 saltem
587 3327 676 3384 alludi
701 3329 832 3398 opinatus
850 3336 903 3381 est.
938 3328 1024 3382 Aliud
1043 3340 1087 3381 est
1111 3327 1208 3404 κλῇδας

280 3401 348 3467 ἔχειν
366 3401 411 3453 uel
428 3397 581 3466 poliuere,
618 3396 695 3452 aliud
714 3395 810 3469 κλῇδας
827 3394 933 3452 εἰδέναι.
975 3396 1032 3450 Hic
1051 3398 1147 3461 locus,
1178 3398 1205 3452 ai

282 3471 317 3524 ad
344 3471 458 3523 verbum
485 3467 641 3538 accipitur,
677 3467 786 3538 duplici
813 3467 923 3522 ratione
949 3464 1075 3534 intelligi
1103 3477 1206 3536 potest,

279 3551 327 3594 aut
344 3539 399 3606 sic,
435 3549 465 3592 ut
482 3536 610 3592 Minerua
635 3538 730 3608 claves
754 3540 851 3590 domus
876 3535 973 3591 illius.
1009 3537 1113 3601 quibus
1136 3554 1204 3606 pro·

282 3609 347 3680 prie
373 3609 452 3662 solus
470 3605 604 3678 luppiter
632 3616 738 3669 utatur,
774 3607 823 3659 sed
849 3619 918 3672 quas
944 3604 1067 3658 hicnon
1095 3621 1207 3676 semper

280 3680 354 3750 apud
372 3695 404 3732 se
426 3688 521 3744 gerat,
556 3692 650 3729 uerum
671 3677 699 3728 in
719 3678 784 3728 loco
809 3675 907 3741 aliquo
931 3673 1097 3727 abscondito
1115 3676 1205 3744 depo·

280 3748 387 3810 suerit,
405 3747 454 3798 ubi
474 3746 545 3808 sint,
564 3746 627 3799 sola
644 3745 718 3798 sciat
735 3756 763 3797 et
780 3759 873 3797 earum
892 3743 935 3796 vel
957 3757 1008 3794 nou
1028 3758 1139 3812 semper
1157 3760 1204 3796 ro·

280 3827 344 3886 gato
361 3817 433 3870 Jove
450 3813 507 3867 sibi
526 3815 636 3884 copiam
655 3815 750 3866 lacere
767 3813 857 3884 possit
874 3812 908 3865 ad
928 3811 1031 3864 fulmen
1050 3809 1107 3865 sibi
1127 3829 1202 3865 com-

277 3887 444 3958 parandum,
462 3894 511 3938 aut
527 3884 584 3948 sic,
604 3893 634 3936 ut
646 3883 780 3936 'Minerva
798 3883 860 3936 sola
879 3881 983 3934 claves«
995 3879 1062 3933 illas
1081 3889 1204 3935 tractare

279 3957 353 4011 sciat
380 3966 464 4020 atque
495 3953 628 4006 hacteuus
660 3953 723 4004 sola
754 3950 810 4006 sibi
838 3964 892 4021 per
920 3963 951 4001 se
984 3948 1046 4020 ipsa
1074 3949 1203 4004 finiminis

278 4042 358 4080 usum
374 4040 392 4077 a
408 4023 479 4078 Jove
497 4023 583 4076 semel
603 4035 778 4080 concessum,
806 4018 1027 4084 quandocunque
1045 4018 1132 4082 uelit,
1152 4035 1202 4086 pa·

277 4111 350 4151 rare.
403 4093 473 4148 Utra
500 4090 657 4162 explicatio
684 4088 869 4162 probabitur,
905 4103 1017 4158 semper
1046 4086 1094 4142 hic
1120 4087 1202 4142 locus
