2812 4690
104 1419 106 1423 .
225 1385 280 1434 wo
313 1363 367 1428 die
396 1364 519 1428 Furcht
550 1362 620 1426 und
656 1361 711 1427 die
738 1352 996 1426 Belserrscherin

227 352 302 442 llo

225 527 297 592 Nee
317 521 549 602 dubitandum,
582 521 661 607 quin
683 520 767 587 daia
787 526 1002 612 grammatico
1030 525 1152 592 lectum
1177 532 1250 592 fue·

224 614 283 678 rit.
325 611 525 674 Muellerus:
555 605 660 670 »doch
680 608 784 672 bleibt
804 611 890 673 nach
908 613 1050 674 meinem
1069 611 1250 674 Dafiirhal·

224 706 282 762 ten
302 694 587 778 die-Erwiihnung
608 695 696 754 eines
717 691 883 767 ἐπίσκοπος
904 697 1024 776 φρενοῦν
1052 696 1172 758 immer
1191 696 1250 758 be-

224 776 413 856 fremdend‚
445 775 564 838 dadas
590 794 674 864 gana
701 779 954 858 unporsiinlicho
976 772 1073 840 δεννόν
1100 778 1249 844 schwer-

226 863 296 926 lioh
324 863 379 926 ein
406 857 587 937 ἐπίσκοπος,
620 859 675 923 ein
701 857 867 924 Wichter
894 860 976 924 oder
1004 860 1167 924 Ausseher

225 955 329 1009 nannt
348 945 481 1010 werden
507 943 624 1006 kann«
676 942 781 1024 Quam
808 943 1025 1025 objectionem
1045 945 1256 1007 Fritnsclnus.

152 1079 154 1086 s
226 1038 388 1094 remotum
414 1030 459 1098 iri
486 1037 599 1111 putat,
637 1029 667 1089 si
693 1027 794 1092 verba
821 1030 870 1090 sio
894 1029 1137 1091 construxerim
1177 1025 1246 1091 ἔσθ’
1337 1045 1343 1056 ·

227 1111 307 1260 gnon
334 1109 368 1212 cpi
389 1108 487 1257 δεννρν
513 1112 567 1258 sap}
596 1108 810 1257 (vid-ww
829 1110 995 1258 inioponos
1015 1104 1049 1174 εὖ
1069 1108 1248 1260 dmm&

226 1220 379 1365 edi„
395 1197 541 1344 ‘eliruli
565 1194 938 1362 haldestatt·
960 1216 1247 1424 liffeim}

1047 1383 1084 1427 ‘es
1116 1361 1247 1426 Geistes

225 1453 289 1512 mit
308 1449 419 1549 Rffih?
432 1447 553 1548 desitat
578 1445 660 1555 und
674 1467 717 1511 ou
741 1447 895 1514 fiirohten
920 1447 1062 1512 maoht«
1125 1447 1248 1518 Parum

225 1543 333 1698 illi,
353 1530 1248 1700 dlii·llsstetltttsltfittttlttptttit

225 1721 311 1779 esse,
342 1710 381 1762 ut
405 1702 493 1763 inira
513 1698 571 1764 Vs.
592 1699 655 1766 663
683 1708 716 1762 et
741 1695 896 1780 Sophocl.
918 1699 968 1778 Δί.
988 1697 1048 1764 Vs.
1069 1701 1157 1764 sttt
1204 1697 1247 1758 Et

225 1788 275 1848 sic
303 1785 493 1847 scholiastes
521 1787 673 1846 statuisse
693 1781 826 1846 videtur
852 1801 976 1864 ponens
1003 1781 1105 1844 illude
1139 1775 1247 1843 ἆπεῒε

146 1863 152 1871 ’
224 1892 292 1933 ναν
319 1869 448 1949 φρενῶν.
499 1865 583 1944 Sed,
611 1867 780 1928 utstatim
802 1869 986 1948 proferam,
1017 1864 1105 1950 quod
1126 1867 1245 1945 sentio,
1293 1889 1297 1901 ¹

225 1955 255 2016 is
274 1953 385 2018 locum
406 1953 453 2013 ita
474 1950 632 2032 scriptum
653 1950 816 2033 repperite
1091 1961 1096 1974 ’

351 2043 419 2110 ἔσθ’
442 2043 519 2111 ὅπου
537 2042 572 2109 τὸ
596 2043 693 2110 denudo
712 2043 756 2108 εἴ·

347 2155 401 2277 φορ
421 2132 540 2214 φρενῶν
559 2129 725 2196 ἐπίσκοπον

368 2237 404 2278 εν.

224 2313 337 2378 Verba
358 2309 426 2378 ἴσθ’
448 2311 527 2377 ὅσον
546 2313 723 2418 explicuit:
745 2309 782 2379 οὐ
801 2310 960 2394 πανταχῆ,
993 2309 1105 2398 itaque
1125 2308 1252 2382 dictio.

185 2431 193 2446 ·
224 2419 300 2462 nem
326 2393 402 2461 εἶναι
432 2397 552 2480 φρενσῖν
573 2398 737 2462 επίσκοπον
758 2416 826 2460 non
847 2395 985 2459 reddere
1005 2397 1132 2481 potuit,
1162 2399 1244 2458 nisi:

225 2480 347 2548 ἀπεῖναι
368 2485 506 2566 φρενῶν,
538 2485 644 2546 etsie
671 2481 796 2630 apendo
825 2481 1133 2562 interpretationem
1154 2499 1246 2544 suam

223 2571 304 2632 satis
334 2588 444 2650 presse
477 2569 639 2651 applicuit
669 2587 688 2629 a
741 2565 842 2630 verba
871 2573 1006 2646 poetae,
1045 2563 1157 2648 qualia
1185 2583 1245 2627 nos

221 2671 322 2731 fuisse
343 2687 518 2732 censemus.
562 2665 628 2730 Sed
648 2664 728 2749 quid
748 2675 818 2730 tum
837 2661 896 2727 fiet
914 2663 976 2726 illo
994 2647 1115 2744 ρῖννῖνῒ
1144 2661 1246 2727 Nem·

222 2772 264 2834 pe
284 2753 321 2812 in
342 2751 406 2813 hoc
426 2752 511 2814 nihil
534 2748 626 2814 aliud
647 2747 745 2826 latet,
774 2768 871 2831 quam
899 2743 998 2827 μένεν,
1030 2745 1120 2832 quod
1147 2766 1244 2812 roca-

222 2835 337 2898 bnlum
358 2833 401 2896 ad
420 2837 589 2918 sequentia
609 2831 806 2898 trahendum
826 2833 933 2898 estin
953 2831 1042 2896 hunc
1061 2829 1210 2897 modum=

418 2929 500 3011 μένεν
520 2927 695 3013 καθήμενον

347 3014 492 3100 ξυμφέρει
515 3015 687 3098 σωφρονεῖν
705 3005 765 3076 sind
788 3008 895 3078 στένει.

220 3109 343 3176 Eodem
366 3115 495 3176 rettulit
515 3116 615 3178 etiam
636 3111 827 3174 scholiastes
840 3109 978 3177 verbum
998 3102 1184 3188 νονθῆμενον,Ι
1206 3115 1247 3171 ut

219 3195 334 3260 videre
355 3205 466 3260 estex
496 3197 557 3260 hac
577 3198 704 3296 glossa:
739 3195 929 3278 σωφρονεῖν)
962 3190 1041 3254 ὥστε
1069 3187 1247 3272 καθήμενον

221 3276 282 3344 ὑπὸ
316 3277 410 3343 στένει
438 3304 618 3363 σωφρονενν.
681 3277 740 3342 Est
766 3288 879 3340 nostra
908 3281 1017 3342 locum
1049 3275 1246 3342 emendandi

220 3365 308 3426 ratio
329 3385 367 3427 ea
388 3385 429 3429 ex
449 3379 542 3448 parte
560 3363 742 3440 difficilior,
765 3381 862 3445 quam
883 3382 932 3440 ea,
954 3379 1038 3445 quae
1052 3359 1246 3424 Hermanno

220 3447 357 3532 placuit,
380 3449 467 3532 quod
486 3451 586 3514 verba
607 3441 641 3512 εὖ
661 3447 714 3512 καὶ
734 3455 896 3509 mutamus
917 3449 953 3509 in
974 3441 1064 3519 sivos,
1085 3442 1143 3506 sed
1164 3444 1246 3504 haec

220 3534 385 3596 correctio
413 3535 591 3616 facillima,
630 3540 665 3597 et
682 3537 801 3614 aequat
822 3550 910 3608 rem,
945 3527 1033 3614 quod
1052 3527 1108 3592 vir
1128 3526 1245 3588 doctus

220 3651 282 3714 pro
300 3620 405 3713 Mo
431 3635 577 3698 scribere
603 3634 700 3697 debet
735 3626 850 3712 με’νενν,
883 3649 944 3693 nos
968 3647 1050 3693 vero
1070 3627 1176 3688 multo
1197 3629 1247 3687 fa-

219 3717 318 3782 cilius
353 3721 560 3800 acquiescere
593 3735 763 3801 possumus
795 3717 831 3776 in
856 3734 937 3778 voce
967 3709 1049 3793 με’νεν
1077 3711 1243 3773 restituta.

220 3800 363 3864 Omnino
392 3813 501 3866 autem
527 3799 721 3884 diligentius
750 3799 881 3880 sequuti
908 3816 1017 3866 sumus
1046 3793 1245 3858 scholiastae

218 3887 487 3970 explicationem,¹
507 3907 602 3970 quom
619 3886 734 3970 quovis
755 3884 894 3968 pignore
907 3876 1134 3943 contenderim
1155 3875 1245 3938 idem

217 3988 354 4050 prorsus
375 3972 412 4031 in
433 3970 520 4033 libro
543 3990 601 4034 suo
632 3969 791 4030 habuisse.
835 3964 954 4028 Vertes
997 3963 1068 4025 Est
1095 3961 1169 4022 ubi
1195 3963 1246 4021 ti-

216 4071 306 4116 mor
332 4051 527 4120 directus
555 4074 642 4120 csse
670 4051 793 4116 debet
819 4045 868 4112 ad
890 4044 1081 4135 (tangere
1106 4041 1246 4132 debet)⁸
