2770 4690
211 329 315 407 XLII

308 507 393 583 lam
415 506 528 606 igitur
549 505 680 580 Furiae
700 529 744 578 ex
765 503 1146 601 adytoprorumpunt,
1173 527 1240 600 per

209 607 441 705 proscenium
463 607 502 681 iu
523 607 750 681 orchestram
772 605 989 697 decurrunt,
1015 604 1136 701 ibique
1158 631 1239 680 oar-

210 736 296 786 men
327 723 461 784 canunt
496 709 660 804 deinceps
694 706 854 807 singulae
890 731 954 802 per
986 706 1150 804 strophas
1186 720 1252 780 at·-

310 902 371 941 rum
397 902 452 940 non
483 886 697 944 articulatorum
730 889 914 958 inquisituri,
951 889 1001 956 qui
1024 903 1041 940 a
1063 887 1160 940 Furiis
1186 903 1240 957 per

313 952 447 1010 somnium
465 957 596 1012 eduntur.
630 960 787 1027 Nonnulli,
812 967 967 1028 praeeunte
983 957 1164 1024 Stanlejo,
1189 971 1238 1008 eas

260 1051 264 1062 ·
310 1024 385 1079 nihil
404 1023 462 1078 nisi
486 1029 620 1080 ronchum
638 1027 773 1082 cientium
791 1039 822 1084 et
845 1028 1022 1084 stertentium
1041 1041 1106 1078 esse
1128 1036 1237 1095 putant,

310 1093 366 1147 alii
385 1094 588 1165 suspirantium
608 1105 636 1149 et
654 1096 895 1164 ingemiscentium
913 1098 957 1150 vel
976 1095 1155 1164 ejulantium,
1173 1091 1237 1158 alii,

310 1157 415 1232 alypio,
450 1179 512 1216 cum
539 1164 727 1219 admiratione
753 1165 976 1220 exclamantium.
1020 1164 1097 1220 Vide
1123 1172 1239 1232 praeter

310 1231 497 1300 interpretum
523 1233 717 1288 adnotationes
742 1235 826 1289 nimis
854 1236 949 1290 exiles
967 1232 1140 1302 Stephani
1160 1231 1238 1284 The-

309 1317 420 1355 saurutu
438 1319 477 1355 ex
495 1301 563 1358 edit.
582 1303 718 1371 Laudis„
746 1305 810 1371 ubi,
834 1306 867 1360 T.
886 1305 910 1370 I,
931 1322 957 1373 p.
977 1300 1189 1358 CCCCXXXV
1208 1309 1238 1354 et

291 1379 293 1386 ’
311 1368 450 1440 imprimis
468 1370 502 1423 Τ.
521 1371 580 1439 lV,
605 1389 632 1441 p.
650 1374 719 1428 asta
736 1389 778 1440 sq.
808 1373 843 1427 de
869 1390 939 1426 sono
965 1375 1003 1441 μῦ
1017 1369 1060 1426 'et
1086 1372 1122 1423 de
1147 1369 1236 1423 verbo

309 1435 417 1508 μῦζσιν,
436 1439 472 1493 Τ.
489 1435 511 1503 1,
530 1459 558 1510 p.
576 1443 628 1496 349
645 1441 739 1496 adnot.
757 1443 793 1496 de
810 1459 880 1496 souo
899 1438 922 1494 ὤ
937 1454 967 1498 et
984 1443 1020 1494 dc
1041 1441 1129 1496 verbo
1147 1433 1238 1502 titur,

250 1525 253 1533 ’
309 1507 435 1644 altit}
452 1520 694 1634 sistitis.
712 1511 821 1635 tiit
839 1508 1237 1635 t1⁰”t.l¹’.⁵.¹¹hd¹¹¹ll⁸h⁰

813 1619 820 1634 ι
1073 1615 1081 1643 ,
1223 1605 1238 1618 “

309 1647 440 1701 rabulum
457 1647 560 1716 μυγμός
577 1649 751 1718 explicatur.
796 1649 852 1704 Sed
869 1619 974 1718 itvypo'r
991 1647 1016 1701 si
1041 1650 1095 1702 hoc
1117 1647 1182 1700 loco
1200 1645 1238 1698 de

310 1715 439 1784 suspirio
458 1725 502 1770 est
519 1721 565 1773 vel
586 1717 705 1786 gemitu,
729 1718 797 1786 quid
815 1720 866 1772 liet
883 1720 918 1772 de
936 1717 1047 1772 verbis:
1078 1711 1128 1770 aod
1144 1733 1237 1767 auror-

311 1787 411 1848 mttere
426 1781 533 1850 naidas,
561 1803 633 1853 quae
650 1803 666 1838 a
684 1788 907 1856 Clytaemnestra
926 1787 976 1841 Vs.
996 1789 1045 1840 119
1063 1794 1128 1854 post
1145 1783 1238 1854 ipsum

311 1853 386 1907 illud
412 1853 566 1924 suspirium
585 1856 678 1908 denuo
703 1857 828 1910 auditum
847 1859 1005 1927 ponunturl
1040 1856 1113 1908 Num
1130 1851 1171 1906 ita
1188 1868 1238 1906 ca·

309 1920 414 1992 pienda
432 1930 511 1976 suut:
545 1924 704 1989 quamvis
723 1925 951 1992 ingemiscas,
971 1936 1077 1981 tamen
1096 1939 1163 1978 non
1182 1922 1238 1974 de-

311 1989 434 2061 ploras
458 1991 717 2047 calamitatem?
760 1994 871 2048 Chorus
898 1995 972 2049 enim
996 2010 1047 2048 cur
1071 1993 1101 2046 in
1126 1991 1237 2046 somnio

308 2074 422 2140 gemere
439 2059 576 2126 fingatur,
601 2079 654 2131 per
670 2078 703 2115 se
720 2063 832 2129 quidem
850 2063 893 2117 nil
910 2063 1010 2117 mirum
1027 2079 1066 2116 ex
1085 2061 1140 2129 iis,
1166 2075 1239 2127 quae

309 2143 375 2198 epse
391 2128 464 2181 dicit
483 2130 533 2185 Vs.
553 2131 604 2183 150
620 2147 698 2198 sqq,
733 2148 789 2186 nou
813 2131 880 2187 item
906 2149 961 2200 qua
984 2133 1095 2188 ratione
1112 2132 1148 2183 de
1166 2146 1237 2197 quo-

310 2196 428 2250 rundam
453 2198 595 2253 sententia
623 2199 742 2254 subinde
770 2217 830 2254 cum
861 2201 1048 2268 admiratione
1075 2200 1238 2254 exclamare

308 2266 439 2334 fingatur.
484 2266 556 2334 Sed,
585 2267 609 2321 si
630 2280 750 2336 utroque
767 2286 837 2324 sono
855 2272 986 2339 gemitum
1004 2267 1163 2338 significari
1187 2283 1237 2320 su·

307 2351 381 2401 mas,
400 2349 481 2402 quam
499 2337 635 2396 rationem
654 2339 753 2405 habet,
772 2341 848 2407 quod
866 2351 951 2410 poeta
969 2342 1021 2394 hos
1038 2354 1123 2393 sonos
1141 2336 1237 2400 varia-

309 2404 370 2458 vitt
414 2405 458 2458 Au
476 2405 542 2462 ideo
567 2406 670 2461 iecisse
693 2411 833 2478 putandus
855 2417 914 2476 est,
949 2409 1017 2477 quia
1040 2406 1168 2472 scilicet,
1205 2415 1238 2460 ut

307 2476 401 2541 ajunt,
423 2475 545 2530 variatio
564 2478 705 2532 delectat!
741 2479 820 2532 ldem
837 2481 927 2538 valet.
953 2478 979 2531 si
997 2478 1067 2532 illos
1085 2475 1158 2530 nihil
1177 2475 1238 2530 nisi

309 2545 448 2625 ronchum·
461 2546 641 2627 stertentium
660 2563 724 2600 esse
742 2554 858 2628 statuas.
900 2546 997 2602 Nihili
1017 2556 1061 2601 est
1078 2545 1222 2628 Stanlej⁸
1226 2544 1237 2597 i

307 2613 1239 2753 {statuatistttdttttltthttfht,stitit

307 2750 606 2819 expergefactorum
625 2754 684 2808 Aut
695 2771 749 2822 ego
764 2756 852 2809 l'allor
867 2767 916 2811 aut
929 2753 1135 2810 institutionem
1151 2755 1236 2820 hujus

307 2829 409 2889 poetae
427 2819 464 2874 in
475 2821 635 2876 clarissima
653 2825 719 2876 luce
744 2824 827 2894 ponit
843 2825 924 2879 locus
943 2823 1052 2891 quidam
1070 2821 1235 2903 Euripidis,
1342 2877 1347 2884 ,

308 2902 389 2954 quem
407 2906 462 2944 nort
484 2905 596 2962 possum
614 2909 669 2946 nou
687 2892 786 2947 mirari
811 2895 931 2948 nondum
950 2893 978 2946 iu
997 2904 1235 2962 comparationem

308 2967 447 3012 vocatum.
491 2961 546 3018 Est
572 2960 597 3014 is
617 2961 713 3030 lphig.
734 2961 764 3016 iu
781 2963 885 3017 Tauris
904 2964 955 3019 Vs.
972 2964 1023 3018 282
1040 2977 1101 3028 sqq.
1119 2961 1234 3026 Matth,

281 3047 289 3064 ·
306 3025 357 3080 ubi
374 3027 410 3080 de
429 3028 533 3085 Oreste
556 3031 671 3085 vesania
688 3039 821 3102 correpto
841 3032 910 3086 haec
935 3031 1147 3102 praedicantur:
1182 3025 1235 3096 q'i

305 3091 445 3176 ἱειᾶσσστσ
464 3096 620 3180 pdoyyds
636 3117 672 3152 ra
694 3095 831 3166 μόσχων
846 3107 902 3154 stol
923 3097 1029 3152 avaria
1045 3095 1235 3169 ὑλάγματα,

308 3186 327 3216 α
345 3161 415 3246 ptio'
431 3160 579 3235 Ἐριννσθ
594 3165 681 3222 ἱέναι
697 3165 884 3236 μιμήματα.
915 3169 975 3225 Vix
994 3185 1065 3239 opus
1084 3179 1128 3224 est
1146 3169 1236 3224 Mus-

308 3250 466 3302 gravrum
484 3247 599 3303 notare,
623 3232 746 3302 'Evertit
762 3238 797 3292 de
816 3238 870 3306 iis,
897 3238 945 3306 qul
964 3237 1061 3292 Furiis
1079 3238 1235 3304 agitantur,

308 3302 532 3372 intelligentem:
549 3303 584 3360 rai
602 3311 782 3376 συμβαίνοντα
799 3304 850 3375 yde
866 3311 924 3362 cois
939 3306 1068 3371 πᾰσκσσσι
1083 3308 1141 3362 sois
1153 3326 1235 3374 προε-

275 3439 279 3448 .
306 3369 387 3424 oraim
404 3375 482 3427 droit
497 3371 548 3428 τσῦ
570 3372 679 3430 πάθους
702 3371 878 3432 ἆνατιθέασιν
894 3375 922 3430 οἱ
936 3380 1063 3444 ποιηταί,
1099 3386 1130 3431 ut
1155 3377 1236 3430 inre

306 3440 397 3495 simili
416 3443 532 3512 egregie
557 3457 651 3500 monet
673 3447 842 3502 scholiastes
860 3446 895 3500 ad
914 3447 1009 3503 Orest.
1028 3445 1081 3500 Vs.
1099 3447 1237 3501 tas-ati

305 3510 424 3589 illlatth„
443 3513 519 3579 quod
538 3511 613 3567 idem
632 3516 707 3572 valet
724 3517 760 3570 de
778 3514 963 3586 persuasione
980 3514 1124 3585 populari.
1159 3514 1236 3570 Quid

306 3589 409 3650 rgrtur,
446 3583 471 3636 si
496 3584 685 3649 contendero,
720 3585 833 3640 esonis
851 3583 914 3638 illis
938 3602 993 3640 uon
1017 3583 1180 3638 articulatis
1197 3583 1235 3648 μῦ

303 3659 435 3728 spectare
452 3651 487 3704 ad
505 3652 641 3720 mugitum
659 3655 752 3723 boum,
769 3648 793 3708 oi
809 3655 843 3710 ad
861 3651 999 3708 ululatum
1017 3669 1128 3720 canum,
1146 3653 1235 3706 allu-

306 3716 362 3771 rris
380 3736 432 3789 per
449 3722 585 3776 somnium
602 3723 724 3778 editumt
768 3724 813 3777 Ad
831 3739 928 3778 canum
947 3725 1076 3778 latratum
1091 3726 1150 3790 jero
1168 3721 1235 3774 Ge·

306 3788 432 3842 uellus
449 3789 469 3844 l.
488 3807 512 3844 c.
542 3809 570 3860 p.
588 3793 639 3846 ata
663 3803 692 3847 et
714 3792 912 3847 Muellerus
938 3794 972 3846 ad
990 3793 1108 3847 Eumen.
1136 3809 1165 3862 p.
1184 3792 1237 3845 tas

305 3864 335 3934 et
351 3857 473 3912 Stlroce
489 3854 555 3928 ia'ssa
575 3859 684 3930 pluries
707 3861 830 3933 repetita
852 3861 944 3916 alludi
970 3861 1120 3930 putabam,
1157 3860 1235 3925 quod

305 3923 377 3978 hcet
393 3925 486 3981 minus
504 3939 610 3983 certum
629 3931 775 3995 videatur,
801 3947 882 3998 qoam
899 3930 989 3996 illud,
1008 3939 1144 3996 quatenus
1161 3929 1236 3982 haee

305 4010 362 4048 vox
379 3995 530 4052 articulata
546 4009 605 4065 est,
624 4001 679 4054 hoc
698 4013 788 4057 tamen
807 3999 946 4065 concedo,
964 3998 1092 4068 potuisse
1110 4013 1255 4062 versum„

304 4063 334 4116 iu
352 4081 408 4134 quo
426 4076 486 4134 ost,
514 4066 554 4124 ita
571 4068 710 4139 proferri,
737 4079 767 4124 ot
785 4067 944 4128 similitudo
962 4083 1024 4124 oum
1041 4082 1111 4127 caue
1129 4067 1235 4121 crebro
