2728 4690
1055 359 1130 436 199

109 520 273 601 domasse,
288 520 345 583 sed
355 522 528 583 simulacra
537 517 749 582 Eumenidum
761 524 917 603 ornanda,
939 530 1126 609 quaesitam

107 607 149 665 ab
170 608 250 687 ipsis
268 615 385 688 poetae
404 605 513 674 uerbis
535 606 664 686 locique
685 603 879 671 condicione
906 612 1004 696 louge
1024 613 1125 688 majo-

32 715 33 734 ι
105 707 175 748 rem
198 688 294 750 habet
316 687 646 764 commendationem,
675 706 773 768 quam
793 691 897 754 altera
925 691 988 756 ille
1006 694 1046 760 ab
1068 713 1123 762 eo-.

105 771 178 831 dem
200 775 367 853 proposita
389 770 429 833 de
455 772 580 848 facibus
601 773 637 832 iu
656 773 884 838 subterraneos
905 775 1121 840 Eumenidum

103 854 264 916 thalamos
294 851 522 933 conjiciendis‚
558 874 640 935 quae
668 854 799 936 quidem
826 861 896 921 iere
917 860 1028 922 eadem
1056 861 1121 940 jam

101 935 291 1022 Boettigero
312 939 449 999 subnata
470 945 541 999 erat
567 940 602 998 iu
628 941 810 1019 scriptione
830 938 872 1003 de
897 962 1036 1025 persona
1060 945 1120 1004 Fu-

29 1055 31 1092 ;
102 1021 179 1080 rieli
201 1041 232 1101 p.
255 1024 296 1086 49
316 1041 363 1103 sq.
387 1028 473 1095 ποις
505 1041 698 1102 quamquam
725 1031 801 1084 utra
820 1024 996 1088 vorborum
1017 1049 1119 1105 φοινι-

28 1141 30 1176 e
100 1100 268 1182 κοβάπτοις
298 1139 339 1152 -
369 1105 473 1184 τιμᾶτε
513 1104 781 1186 explicandorum
822 1110 909 1171 ratio
945 1128 1024 1171 vera
1062 1113 1117 1185 sit,

27 1235 29 1250 .
100 1207 199 1270 quum
231 1187 272 1248 de
292 1207 329 1250 re
357 1186 490 1250 aliunde
511 1208 577 1249 uon
599 1197 740 1264 constet,
772 1190 814 1252 ob
836 1192 939 1273 ipsam
965 1191 1117 1270 lacunam

26 1309 30 1348 ί
99 1289 166 1330 non
186 1279 294 1352 potest
313 1281 404 1334 certo
425 1271 610 1349 dijudicari.
654 1271 835 1336 Muellerus
851 1273 983 1355 quidem
1005 1277 1041 1335 in
1061 1295 1116 1356 ap-

26 1397 27 1430 3
98 1351 236 1436 pendicc
257 1375 289 1437 p.
307 1357 349 1421 28
369 1364 403 1417 et
422 1356 515 1417 illam
535 1357 794 1418 controversiam
812 1364 846 1419 et
862 1357 1039 1422 Fritaschii
1059 1361 1117 1420 ob·

25 1481 29 1518 :
97 1438 272 1514 jectionem
293 1439 431 1501 hancce:
455 1437 612 1498 »Eudlich
629 1437 768 1504 wiirdan
787 1441 944 1519 τιμᾶτε-
962 1437 1114 1524 ὁρμάσθω

24 1563 31 1602 5
97 1521 172 1581 eine
207 1519 369 1583 durchaus
408 1521 622 1604 iiberil‘dssige
653 1521 896 1610 Aufforderuug
934 1525 1113 1602 cnthalten,

97 1602 206 1666 indem
228 1603 282 1666 die
300 1623 490 1687 purpuruen
510 1603 732 1684 Festltleider‚
755 1626 793 1669 so
813 1608 880 1673 wls
900 1606 954 1670 die
975 1605 1114 1670 Faekelu
1208 1641 1210 1648 1

95 1687 195 1748 sehon
226 1687 267 1748 da
296 1707 408 1754 waren
442 1687 511 1750 und
543 1689 635 1750 nieht
664 1696 732 1752 erst
803 1689 876 1752 lrolt
905 1711 949 1750 zu
978 1690 1112 1755 werden

23 1809 24 1812 κ
94 1769 292 1833 brauchten«
315 1807 357 1820 -
377 1773 489 1858 tetigit
500 1771 561 1832 ‘bis
580 1771 707 1834 verbis:
738 1793 753 1833 ι
808 1792 843 1834 as
864 1771 953 1836 diese
968 1774 1112 1855 Purpur-

92 1851 223 1916 kleidsr
242 1889 284 1902 -
304 1854 576 1940 solbstanlaugl:
611 1874 648 1917 so
670 1854 801 1918 kdnnen
821 1875 887 1918 nur
906 1857 1017 1918 solche
1036 1877 1110 1920 ver-

92 1935 228 1999 standan
248 1935 398 2016 werden,
424 1942 487 2008 mit
506 1937 610 2000 denen
631 1936 686 2001 die
708 1938 844 2002 Statuen
865 1937 926 2001 der
943 1940 1119 2019 Erinuyeu

21 2020 29 2092 ᾗ
91 2038 133 2081 su
154 2019 325 2084 beltleiden
345 2021 438 2099 sind,
467 2022 551 2082 auch
583 2040 641 2082 sus
662 2019 735 2084 dem
756 2021 834 2084 sehr
860 2023 964 2085 leicht
983 2042 1025 2083 eu
1056 2023 1109 2086 be-

19 2111 30 2198 ’ἲ
90 2103 280 2188 greitandeu
301 2103 452 2182 Gruude,
474 2102 563 2179 dass,
585 2125 683 2171 weuu
704 2103 758 2167 die
778 2104 985 2188 Propempen
1006 2105 1107 2170 selbst

19 2185 20 2194 ’
87 2191 124 2248 in
142 2187 420 2270 Purpurlrleideru
443 2189 633 2251 erschienen
654 2192 775 2264 waren,
798 2208 831 2250 es
848 2189 1004 2252 verlohrt
1016 2193 1106 2254 wilre

17 2245 29 2349 ,Ι
87 2274 137 2332 sie
158 2270 261 2333 durch
283 2275 378 2334 einen
398 2273 573 2354 Insperativ
602 2270 686 2334 decu
717 2271 965 2347 aufaufordern,
1007 2290 1105 2337 wenn

17 2360 23 2372 ’
87 2355 138 2414 sie
165 2356 243 2418 aber
271 2355 355 2417 noch
390 2355 487 2416 keiuc
516 2354 628 2416 solche
653 2354 819 2430 anhabcn,
857 2375 892 2418 es
923 2355 1104 2416 liicherlich

17 2416 28 2458 ¹
86 2441 177 2500 wilre
204 2439 303 2498 ihnen
330 2457 372 2497 su
399 2437 564 2521 gebietcn,
597 2436 669 2496 sich
697 2437 733 2496 in
754 2437 827 2497 dem
845 2435 1026 2512 Moment‚'
1049 2456 1103 2501 wo

17 2501 28 2544 ⁵
86 2517 141 2578 die
162 2518 283 2601 Pompa
303 2521 403 2580 sehon
424 2519 561 2596 anhebt,
592 2515 709 2580 anders
740 2538 783 2580 nu
802 2521 1032 2584 costumirenn
1077 2519 1103 2582 E

17 2583 29 2626 ¹
85 2601 202 2683 qutun
231 2604 349 2683 aliquis
371 2621 444 2663 cum
466 2599 501 2662 id
529 2603 685 2678 miretur,
718 2599 806 2683 quod
827 2609 953 2664 statuae
978 2601 1102 2663 iutelli-

17 2754 28 2774 μ
84 2694 219 2770 guntur,
243 2687 300 2748 ubi
321 2685 399 2748 deas
421 2687 510 2768 ipsae
531 2692 661 2766 praesto
681 2693 768 2763 sunt,
789 2695 860 2746 tum
880 2683 969 2768 quod
981 2684 1099 2746 Eume-

82 2768 198 2830 nidum
218 2778 353 2847 statuae,
374 2787 511 2850 quarum
531 2787 634 2849 usque
655 2765 696 2828 ad
717 2766 753 2830 id
772 2776 910 2849 tempus,
931 2787 997 2850 quo
1019 2767 1099 2828 haec

17 2837 28 2882 ³
82 2855 191 2914 omnia
214 2861 286 2914 acta
307 2873 375 2915 esse
400 2853 554 2936 fingitur,
582 2851 692 2912 nullus
712 2849 790 2914 dum
817 2849 904 2934 apud
922 2851 1100 2912 Athenien-

20 2951 28 3019 Ἰ
81 2955 131 2996 scs
159 2937 264 2998 cultus
291 2939 401 2998 fuerit.
458 2935 551 3014 Quod
581 2954 680 3016 quum
707 2938 790 2997 ferri
818 2955 883 2996 non
914 2937 1034 3017 possit,
1069 2937 1098 2994 is

22 3030 28 3046 ¹
81 3022 140 3100 qui
160 3022 376 3098 conjecturam
398 3019 556 3080 Muellcri
578 3026 692 3080 contre
713 3019 800 3080 hunc
825 3020 932 3099 ipsum
952 3018 1098 3080 voluerit

20 3091 27 3132 ¹
79 3105 117 3163 in
136 3121 230 3164 usum
258 3123 350 3165 suum
376 3113 583 3180 convertero,
614 3103 773 3163 continuo
801 3103 1016 3178 concluserit,
1044 3101 1098 3162 vel

17 3177 26 3220 ¹
79 3207 121 3248 ex
134 3207 173 3249 ea
194 3189 295 3268 sequi,
317 3196 356 3250 nt
375 3196 529 3269 quattuor
550 3188 709 3265 postremi
720 3205 832 3249 versus
853 3205 920 3246 nou
939 3183 982 3248 ad
1001 3203 1095 3266 prae·

17 3267 24 3306 ¹
77 3289 151 3332 sens
179 3279 305 3348 tempus
332 3280 492 3352 spectant,
532 3267 568 3330 id
587 3266 675 3349 quod
695 3269 795 3354 vulgo
822 3269 980 3330 statuitur
999 3276 1097 3348 atqua

17 3351 20 3390 ἵ
77 3358 176 3416 ctiam
198 3373 216 3416 a
237 3353 400 3416 Muellero
418 3357 559 3416 sumitur
586 3351 645 3414 sub
665 3353 763 3414 finem
785 3354 806 3416 l.
829 3371 877 3427 ιι,
904 3348 961 3412 sed
982 3349 1023 3412 ad
1045 3353 1094 3409 fu-

17 3435 21 3474 ¹
78 3447 209 3515 turum,
248 3447 281 3500 et
302 3437 365 3499 hoc
385 3457 472 3500 noro
493 3438 582 3498 nisus
603 3444 795 3519 argumento
817 3454 891 3498 eum
911 3433 1094 3494 Fritusclrio

17 3515 25 3558 ¹
76 3520 298 3597 contenderit,
329 3523 364 3580 in
392 3521 453 3582 hac
474 3521 577 3582 altera
606 3519 700 3596 hujus
722 3519 884 3582 orationis
910 3525 1003 3599 parto
1025 3517 1093 3588 oul-

17 3595 25 3684 ¹
75 3613 147 3666 tum
166 3602 381 3666 Eumenidum
408 3607 444 3664 iu
475 3614 640 3686 posterum
668 3603 808 3664 institui.
861 3599 985 3662 Verum
1005 3601 1092 3661 enim

17 3683 25 3726 ¹
74 3705 156 3749 vero
178 3687 257 3750 haec
279 3689 427 3750 conlusio
449 3689 601 3762 minime,
631 3687 803 3747 veritatem
823 3687 1007 3758 contineat,
1037 3700 1092 3742 nes

17 3772 24 3812 ¹
76 3789 165 3832 cesse
185 3780 251 3848 est,
274 3769 371 3832 modo
394 3770 434 3834 de
456 3773 516 3848 iis,
544 3789 626 3851 quae
648 3767 690 3828 ad
710 3787 781 3830 earn
802 3763 982 3830 taciendam
1005 3782 1093 3826 com-

17 3839 23 3894 ¹
72 3854 229 3934 pulerunt
256 3874 275 3916 a
303 3856 385 3918 viris
414 3852 520 3917 doctis
540 3855 665 3935 posita,
708 3852 830 3912 rectius
857 3857 1026 3910 statuatur.
1050 3879 1091 3894 ·-

17 3938 23 3976 ¹
71 3935 244 3998 Praeterea
256 3941 423 4020 sequentia
438 3938 554 4002 verba:
576 3937 629 3997 aei
649 3932 682 3998 sd
699 3932 807 4014 φέγγος
827 3928 978 4016 ὁρμάσθω
994 3926 1092 4011 πυρὸς

17 4019 22 4148 ἱ
72 4019 237 4084 industris
257 4020 420 4104 pausanda
440 4028 524 4084 suut.
581 4019 627 4082 Ea
653 4019 751 4089 simul
777 4025 965 4099 respexerat
984 4015 1089 4078 Fritn.
