<?xml version="1.0" encoding="UTF-8"?>
<!DOCTYPE html PUBLIC "-//W3C//DTD XHTML 1.0 Transitional//EN"
    "http://www.w3.org/TR/xhtml1/DTD/xhtml1-transitional.dtd">
<html xmlns="http://www.w3.org/1999/xhtml" xml:lang="en" lang="en">
 <head>
  <title>
</title>
<meta http-equiv="Content-Type" content="text/html;charset=utf-8" />
  <meta name='ocr-system' content='tesseract 3.04.00' />
  <meta name='ocr-capabilities' content='ocr_page ocr_carea ocr_par ocr_line ocrx_word'/>
</head>
<body>
  <div class='ocr_page' id='page_1' title='image "./conjectaneainae00wiesgoog_0451.png"; bbox 0 0 2652 4688; ppageno 0'>
   <div class='ocr_carea' id='block_1_1' title="bbox 233 343 350 420">
    <p class='ocr_par' dir='ltr' id='par_1_1' title="bbox 233 343 350 420">
     <span class='ocr_line' id='line_1_1' title="bbox 233 343 350 420; baseline 0 -1"><span class='ocrx_word' id='word_1_1' title='bbox 233 343 308 420; x_wconf 74' lang='lat'><strong>238</strong></span> <span class='ocrx_word' id='word_1_2' title='bbox 347 343 350 355; x_wconf 88' lang='lat'>&#39;</span> 
     </span>
    </p>
   </div>
   <div class='ocr_carea' id='block_1_2' title="bbox 148 513 1301 3785">
    <p class='ocr_par' dir='ltr' id='par_1_2' title="bbox 235 513 1269 1359">
     <span class='ocr_line' id='line_1_2' title="bbox 235 513 1267 600; baseline 0.01 -24"><span class='ocrx_word' id='word_1_3' title='bbox 235 517 310 600; x_wconf 73' lang='lat' dir='ltr'><strong>Peg.</strong></span> <span class='ocrx_word' id='word_1_4' title='bbox 333 518 388 595; x_wconf 83' lang='lat'><strong>19,</strong></span> <span class='ocrx_word' id='word_1_5' title='bbox 410 515 452 578; x_wconf 92' lang='lat' dir='ltr'><strong>ad</strong></span> <span class='ocrx_word' id='word_1_6' title='bbox 474 513 529 578; x_wconf 89' lang='lat' dir='ltr'><strong>Vs.</strong></span> <span class='ocrx_word' id='word_1_7' title='bbox 546 514 596 578; x_wconf 80' lang='lat'><strong>92.</strong></span> <span class='ocrx_word' id='word_1_8' title='bbox 640 513 770 578; x_wconf 81' lang='lat' dir='ltr'>Nollem</span> <span class='ocrx_word' id='word_1_9' title='bbox 793 515 977 580; x_wconf 86' lang='lat' dir='ltr'><strong>Hermanni</strong></span> <span class='ocrx_word' id='word_1_10' title='bbox 1001 521 1267 586; x_wconf 77' lang='lat' dir='ltr'><strong>emendationem</strong></span> 
     </span>
     <span class='ocr_line' id='line_1_3' title="bbox 275 598 1266 691; baseline 0.011 -32"><span class='ocrx_word' id='word_1_11' title='bbox 275 598 409 680; x_wconf 74' lang='grc' dir='ltr'><strong>ἐκνόμως</strong></span> <span class='ocrx_word' id='word_1_12' title='bbox 430 599 553 660; x_wconf 86' lang='lat' dir='ltr'><strong>indicta</strong></span> <span class='ocrx_word' id='word_1_13' title='bbox 575 619 685 660; x_wconf 82' lang='lat' dir='ltr'>caussa</span> <span class='ocrx_word' id='word_1_14' title='bbox 706 601 924 682; x_wconf 80' lang='lat' dir='ltr'><strong>respuissem,&#39;</strong></span> <span class='ocrx_word' id='word_1_15' title='bbox 959 625 1002 666; x_wconf 89' lang='lat' dir='ltr'><strong>nc</strong></span> <span class='ocrx_word' id='word_1_16' title='bbox 1023 604 1173 683; x_wconf 87' lang='lat' dir='ltr'><strong>eodem,</strong></span> <span class='ocrx_word' id='word_1_17' title='bbox 1213 631 1266 691; x_wconf 90' lang='lat' dir='ltr'><strong>quo</strong></span> 
     </span>
     <span class='ocr_line' id='line_1_4' title="bbox 277 683 1268 768; baseline 0.008 -23"><span class='ocrx_word' id='word_1_18' title='bbox 277 686 438 766; x_wconf 83' lang='lat' dir='ltr'><strong>reliquas,</strong></span> <span class='ocrx_word' id='word_1_19' title='bbox 465 685 539 744; x_wconf 89' lang='lat' dir='ltr'><strong>loco</strong></span> <span class='ocrx_word' id='word_1_20' title='bbox 562 683 712 766; x_wconf 78' lang='lat' dir='ltr'><strong>habuisse</strong></span> <span class='ocrx_word' id='word_1_21' title='bbox 731 683 878 763; x_wconf 83' lang='lat' dir='ltr'><strong>viderer,</strong></span> <span class='ocrx_word' id='word_1_22' title='bbox 902 707 1084 768; x_wconf 85' lang='lat' dir='ltr'><strong>quaecum</strong></span> <span class='ocrx_word' id='word_1_23' title='bbox 1109 693 1268 753; x_wconf 86' lang='lat' dir='ltr'><strong>facillima</strong></span> 
     </span>
     <span class='ocr_line' id='line_1_5' title="bbox 276 766 1265 852; baseline 0.01 -24"><span class='ocrx_word' id='word_1_24' title='bbox 276 770 336 842; x_wconf 87' lang='lat' dir='ltr'><strong>eit,</strong></span> <span class='ocrx_word' id='word_1_25' title='bbox 375 778 444 830; x_wconf 86' lang='lat' dir='ltr'><strong>tum</strong></span> <span class='ocrx_word' id='word_1_26' title='bbox 473 787 534 828; x_wconf 85' lang='lat' dir='ltr'><strong>usu</strong></span> <span class='ocrx_word' id='word_1_27' title='bbox 554 769 644 828; x_wconf 85' lang='lat' dir='ltr'><strong>vocis</strong></span> <span class='ocrx_word' id='word_1_28' title='bbox 665 766 810 848; x_wconf 77' lang='grc' dir='ltr'><strong>ἐκνομίως</strong></span> <span class='ocrx_word' id='word_1_29' title='bbox 830 768 1077 852; x_wconf 75' lang='lat' dir='ltr'><strong>Aristophaneo</strong></span> <span class='ocrx_word' id='word_1_30' title='bbox 1103 773 1196 849; x_wconf 86' lang='lat' dir='ltr'><strong>(vid.</strong></span> <span class='ocrx_word' id='word_1_31' title='bbox 1216 777 1265 838; x_wconf 86' lang='lat' dir='ltr'><strong>Vs.</strong></span> 
     </span>
     <span class='ocr_line' id='line_1_6' title="bbox 276 849 1266 938; baseline 0.006 -25"><span class='ocrx_word' id='word_1_32' title='bbox 276 853 348 918; x_wconf 83' lang='lat'><strong>982.</strong></span> <span class='ocrx_word' id='word_1_33' title='bbox 371 873 443 913; x_wconf 87' lang='lat' dir='ltr'><strong>curn</strong></span> <span class='ocrx_word' id='word_1_34' title='bbox 465 850 573 912; x_wconf 83' lang='lat' dir='ltr'><strong>adnot.</strong></span> <span class='ocrx_word' id='word_1_35' title='bbox 597 849 780 912; x_wconf 85' lang='lat' dir='ltr'><strong>Hemsterh.</strong></span> <span class='ocrx_word' id='word_1_36' title='bbox 803 861 836 914; x_wconf 88' lang='lat' dir='ltr'><strong>et</strong></span> <span class='ocrx_word' id='word_1_37' title='bbox 856 852 957 918; x_wconf 86' lang='lat' dir='ltr'><strong>schol.</strong></span> <span class='ocrx_word' id='word_1_38' title='bbox 982 865 1085 938; x_wconf 81' lang='lat' dir='ltr'><strong>atque</strong></span> <span class='ocrx_word' id='word_1_39' title='bbox 1108 857 1177 922; x_wconf 89' lang='lat' dir='ltr'><strong>Vs.</strong></span> <span class='ocrx_word' id='word_1_40' title='bbox 1190 863 1266 934; x_wconf 81' lang='lat'><strong>993.)</strong></span> 
     </span>
     <span class='ocr_line' id='line_1_7' title="bbox 276 932 1265 1017; baseline 0.006 -21"><span class='ocrx_word' id='word_1_41' title='bbox 276 944 309 996; x_wconf 82' lang='lat' dir='ltr'><strong>et</strong></span> <span class='ocrx_word' id='word_1_42' title='bbox 339 941 533 1000; x_wconf 84' lang='lat' dir='ltr'><strong>auctoritate</strong></span> <span class='ocrx_word' id='word_1_43' title='bbox 553 932 674 996; x_wconf 87' lang='lat' dir='ltr'><strong>Suidae</strong></span> <span class='ocrx_word' id='word_1_44' title='bbox 702 935 741 1013; x_wconf 87' lang='lat' dir='ltr'><strong>(s.</strong></span> <span class='ocrx_word' id='word_1_45' title='bbox 764 936 820 996; x_wconf 88' lang='lat' dir='ltr'><strong>Vs.</strong></span> <span class='ocrx_word' id='word_1_46' title='bbox 843 935 1004 1017; x_wconf 75' lang='grc' dir='ltr'>ἐκνομίως)</span> <span class='ocrx_word' id='word_1_47' title='bbox 1030 942 1121 1002; x_wconf 85' lang='lat' dir='ltr'><strong>satis</strong></span> <span class='ocrx_word' id='word_1_48' title='bbox 1156 945 1265 1004; x_wconf 84' lang='lat' dir='ltr'><strong>confir-</strong></span> 
     </span>
     <span class='ocr_line' id='line_1_8' title="bbox 276 1018 1266 1108; baseline 0.006 -28"><span class='ocrx_word' id='word_1_49' title='bbox 276 1032 364 1084; x_wconf 83' lang='lat' dir='ltr'><strong>mata</strong></span> <span class='ocrx_word' id='word_1_50' title='bbox 392 1021 500 1085; x_wconf 84' lang='lat' dir='ltr'><strong>videri</strong></span> <span class='ocrx_word' id='word_1_51' title='bbox 529 1020 648 1101; x_wconf 82' lang='lat' dir='ltr'><strong>possit,</strong></span> <span class='ocrx_word' id='word_1_52' title='bbox 691 1021 748 1101; x_wconf 85' lang='lat' dir='ltr'><strong>qui</strong></span> <span class='ocrx_word' id='word_1_53' title='bbox 781 1018 897 1083; x_wconf 87' lang='lat' dir='ltr'><strong>iisdem</strong></span> <span class='ocrx_word' id='word_1_54' title='bbox 924 1025 1014 1100; x_wconf 56' lang='lat' dir='ltr'><strong>tera</strong></span> <span class='ocrx_word' id='word_1_55' title='bbox 1059 1043 1156 1104; x_wconf 84' lang='lat' dir='ltr'><strong>quae</strong></span> <span class='ocrx_word' id='word_1_56' title='bbox 1190 1027 1266 1108; x_wconf 88' lang='lat' dir='ltr'><strong>apud</strong></span> 
     </span>
     <span class='ocr_line' id='line_1_9' title="bbox 277 1103 1265 1188; baseline 0.004 -22"><span class='ocrx_word' id='word_1_57' title='bbox 277 1107 378 1167; x_wconf 86' lang='lat' dir='ltr'><strong>schol.</strong></span> <span class='ocrx_word' id='word_1_58' title='bbox 401 1103 568 1184; x_wconf 77' lang='lat' dir='ltr'><strong>Aristoph.</strong></span> <span class='ocrx_word' id='word_1_59' title='bbox 598 1105 824 1182; x_wconf 86' lang='lat' dir='ltr'><strong>reperiuntur,</strong></span> <span class='ocrx_word' id='word_1_60' title='bbox 863 1105 972 1167; x_wconf 80' lang='lat' dir='ltr'><strong>verbis</strong></span> <span class='ocrx_word' id='word_1_61' title='bbox 1001 1109 1132 1188; x_wconf 83' lang='lat' dir='ltr'><strong>positis</strong></span> <span class='ocrx_word' id='word_1_62' title='bbox 1164 1110 1265 1172; x_wconf 81' lang='lat' dir='ltr'>addit:</span> 
     </span>
     <span class='ocr_line' id='line_1_10' title="bbox 278 1183 1268 1272; baseline 0.001 -18"><span class='ocrx_word' id='word_1_63' title='bbox 278 1191 391 1272; x_wconf 65' lang='grc' dir='ltr'><strong>λέγεται</strong></span> <span class='ocrx_word' id='word_1_64' title='bbox 408 1191 439 1250; x_wconf 73' lang='grc' dir='ltr'><strong>δὲ</strong></span> <span class='ocrx_word' id='word_1_65' title='bbox 456 1191 508 1251; x_wconf 79' lang='grc' dir='ltr'><strong>καὶ</strong></span> <span class='ocrx_word' id='word_1_66' title='bbox 522 1183 668 1272; x_wconf 56' lang='grc' dir='ltr'><strong>ἐκνόμως.</strong></span> <span class='ocrx_word' id='word_1_67' title='bbox 704 1184 769 1248; x_wconf 84' lang='lat' dir='ltr'><strong>Sed</strong></span> <span class='ocrx_word' id='word_1_68' title='bbox 790 1185 978 1250; x_wconf 84' lang='lat' dir='ltr'><strong>dubitabam</strong></span> <span class='ocrx_word' id='word_1_69' title='bbox 993 1189 1173 1272; x_wconf 78' lang='lat' dir='ltr'><strong>equidem,</strong></span> <span class='ocrx_word' id='word_1_70' title='bbox 1197 1215 1268 1256; x_wconf 87' lang='lat' dir='ltr'><strong>num</strong></span> 
     </span>
     <span class='ocr_line' id='line_1_11' title="bbox 275 1267 1269 1359; baseline 0.001 -22"><span class='ocrx_word' id='word_1_71' title='bbox 275 1297 370 1337; x_wconf 85' lang='lat' dir='ltr'><strong>nsum</strong></span> <span class='ocrx_word' id='word_1_72' title='bbox 385 1273 521 1350; x_wconf 87' lang='lat' dir='ltr'><strong>Comici,</strong></span> <span class='ocrx_word' id='word_1_73' title='bbox 543 1272 577 1330; x_wconf 91' lang='lat' dir='ltr'><strong>in</strong></span> <span class='ocrx_word' id='word_1_74' title='bbox 601 1267 758 1348; x_wconf 88' lang='lat' dir='ltr'><strong>ejusmodi</strong></span> <span class='ocrx_word' id='word_1_75' title='bbox 777 1269 907 1354; x_wconf 89' lang='lat' dir='ltr'><strong>quidem</strong></span> <span class='ocrx_word' id='word_1_76' title='bbox 926 1275 1117 1354; x_wconf 86' lang='lat' dir='ltr'><strong>vocabulis,</strong></span> <span class='ocrx_word' id='word_1_77' title='bbox 1142 1278 1182 1338; x_wconf 90' lang='lat' dir='ltr'><strong>in</strong></span> <span class='ocrx_word' id='word_1_78' title='bbox 1204 1281 1269 1359; x_wconf 86' lang='lat' dir='ltr'><strong>qui-</strong></span> 
     </span>
    </p>

    <p class='ocr_par' dir='ltr' id='par_1_3' title="bbox 245 1354 1301 2110">
     <span class='ocr_line' id='line_1_12' title="bbox 245 1354 1267 1447; baseline 0.002 -27"><span class='ocrx_word' id='word_1_79' title='bbox 245 1375 250 1384; x_wconf 87' lang='lat'><strong>·</strong></span> <span class='ocrx_word' id='word_1_80' title='bbox 277 1362 336 1421; x_wconf 87' lang='lat' dir='ltr'><strong>bus</strong></span> <span class='ocrx_word' id='word_1_81' title='bbox 352 1378 418 1419; x_wconf 90' lang='lat' dir='ltr'><strong>non</strong></span> <span class='ocrx_word' id='word_1_82' title='bbox 436 1359 540 1419; x_wconf 87' lang='lat' dir='ltr'><strong>solum</strong></span> <span class='ocrx_word' id='word_1_83' title='bbox 555 1354 752 1436; x_wconf 87' lang='lat' dir='ltr'><strong>scriptorum</strong></span> <span class='ocrx_word' id='word_1_84' title='bbox 772 1362 928 1434; x_wconf 86' lang='lat' dir='ltr'><strong>tempora,</strong></span> <span class='ocrx_word' id='word_1_85' title='bbox 947 1355 1133 1422; x_wconf 81' lang='lat' dir='ltr'><strong>sedetiam</strong></span> <span class='ocrx_word' id='word_1_86' title='bbox 1152 1381 1267 1447; x_wconf 81' lang='lat' dir='ltr'><strong>genera</strong></span> 
     </span>
     <span class='ocr_line' id='line_1_13' title="bbox 277 1437 1266 1528; baseline 0.001 -25"><span class='ocrx_word' id='word_1_87' title='bbox 277 1440 489 1505; x_wconf 87' lang='lat' dir='ltr'><strong>discernenda</strong></span> <span class='ocrx_word' id='word_1_88' title='bbox 524 1437 695 1516; x_wconf 86' lang='lat' dir='ltr'><strong>videntur,</strong></span> <span class='ocrx_word' id='word_1_89' title='bbox 736 1446 858 1499; x_wconf 85' lang='lat' dir='ltr'><strong>temore</strong></span> <span class='ocrx_word' id='word_1_90' title='bbox 888 1437 929 1498; x_wconf 87' lang='lat' dir='ltr'><strong>ad</strong></span> <span class='ocrx_word' id='word_1_91' title='bbox 967 1443 1123 1528; x_wconf 80' lang='lat' dir='ltr'><strong>tragicos</strong></span> <span class='ocrx_word' id='word_1_92' title='bbox 1161 1455 1266 1527; x_wconf 82' lang='lat' dir='ltr'><strong>poetas</strong></span> 
     </span>
     <span class='ocr_line' id='line_1_14' title="bbox 267 1520 1267 1608; baseline -0.002 -18"><span class='ocrx_word' id='word_1_93' title='bbox 267 1527 447 1590; x_wconf 81' lang='lat' dir='ltr'><strong>&#39;traducere</strong></span> <span class='ocrx_word' id='word_1_94' title='bbox 469 1526 592 1586; x_wconf 82' lang='lat' dir='ltr'><strong>liceret.</strong></span> <span class='ocrx_word' id='word_1_95' title='bbox 636 1523 686 1582; x_wconf 89' lang='lat' dir='ltr'><strong>De</strong></span> <span class='ocrx_word' id='word_1_96' title='bbox 706 1520 818 1606; x_wconf 80' lang='lat' dir='ltr'><strong>Agam.</strong></span> <span class='ocrx_word' id='word_1_97' title='bbox 840 1520 897 1584; x_wconf 85' lang='lat' dir='ltr'><strong>Vs.</strong></span> <span class='ocrx_word' id='word_1_98' title='bbox 917 1525 1007 1588; x_wconf 77' lang='lat'><strong>1452.</strong></span> <span class='ocrx_word' id='word_1_99' title='bbox 1032 1545 1187 1608; x_wconf 86' lang='lat' dir='ltr'><strong>prorsus</strong></span> <span class='ocrx_word' id='word_1_100' title='bbox 1212 1550 1267 1590; x_wconf 87' lang='lat' dir='ltr'><strong>non</strong></span> 
     </span>
     <span class='ocr_line' id='line_1_15' title="bbox 277 1603 1267 1695; baseline -0.001 -22"><span class='ocrx_word' id='word_1_101' title='bbox 277 1616 389 1695; x_wconf 86' lang='lat' dir='ltr'><strong>liquet.</strong></span> <span class='ocrx_word' id='word_1_102' title='bbox 422 1611 472 1672; x_wconf 86' lang='lat' dir='ltr'><strong>De</strong></span> <span class='ocrx_word' id='word_1_103' title='bbox 491 1609 594 1669; x_wconf 81' lang='lat' dir='ltr'><strong>simili</strong></span> <span class='ocrx_word' id='word_1_104' title='bbox 614 1625 676 1667; x_wconf 85' lang='lat' dir='ltr'><strong>usn</strong></span> <span class='ocrx_word' id='word_1_105' title='bbox 691 1607 782 1668; x_wconf 88' lang='lat' dir='ltr'><strong>vocis</strong></span> <span class='ocrx_word' id='word_1_106' title='bbox 804 1603 938 1676; x_wconf 76' lang='grc' dir='ltr'><strong>ἐξαίσιον</strong></span> <span class='ocrx_word' id='word_1_107' title='bbox 958 1609 1088 1670; x_wconf 87' lang='lat' dir='ltr'><strong>nollem</strong></span> <span class='ocrx_word' id='word_1_108' title='bbox 1104 1611 1267 1674; x_wconf 84' lang='lat' dir='ltr'><strong>Herman-</strong></span> 
     </span>
     <span class='ocr_line' id='line_1_16' title="bbox 278 1688 1265 1772; baseline -0.002 -15"><span class='ocrx_word' id='word_1_109' title='bbox 278 1718 337 1758; x_wconf 89' lang='lat' dir='ltr'><strong>nus</strong></span> <span class='ocrx_word' id='word_1_110' title='bbox 358 1694 399 1757; x_wconf 87' lang='lat' dir='ltr'><strong>ad</strong></span> <span class='ocrx_word' id='word_1_111' title='bbox 419 1693 517 1754; x_wconf 88' lang='lat' dir='ltr'><strong>Hom.</strong></span> <span class='ocrx_word' id='word_1_112' title='bbox 534 1689 648 1770; x_wconf 85' lang='lat' dir='ltr'><strong>Odyss.</strong></span> <span class='ocrx_word' id='word_1_113' title='bbox 664 1688 771 1764; x_wconf 90' lang='lat' dir='ltr'><strong>XVII,</strong></span> <span class='ocrx_word' id='word_1_114' title='bbox 787 1690 860 1754; x_wconf 86' lang='grc'><strong>577.</strong></span> <span class='ocrx_word' id='word_1_115' title='bbox 883 1701 1119 1772; x_wconf 83' lang='lat' dir='ltr'><strong>provocasset;</strong></span> <span class='ocrx_word' id='word_1_116' title='bbox 1169 1706 1221 1759; x_wconf 87' lang='lat' dir='ltr'><strong>est</strong></span> <span class='ocrx_word' id='word_1_117' title='bbox 1243 1700 1265 1755; x_wconf 87' lang='lat' dir='ltr'><strong>is</strong></span> 
     </span>
     <span class='ocr_line' id='line_1_17' title="bbox 277 1771 1266 1862; baseline -0.002 -19"><span class='ocrx_word' id='word_1_118' title='bbox 277 1801 353 1844; x_wconf 90' lang='lat' dir='ltr'><strong>sane</strong></span> <span class='ocrx_word' id='word_1_119' title='bbox 374 1776 461 1841; x_wconf 81' lang='lat' dir='ltr'><strong>band</strong></span> <span class='ocrx_word' id='word_1_120' title='bbox 479 1796 572 1837; x_wconf 86' lang='lat' dir='ltr'><strong>rarus</strong></span> <span class='ocrx_word' id='word_1_121' title='bbox 589 1775 729 1844; x_wconf 76' lang='lat' dir='ltr'><strong>maxime</strong></span> <span class='ocrx_word' id='word_1_122' title='bbox 745 1771 832 1854; x_wconf 81' lang='lat' dir='ltr'><strong>apud</strong></span> <span class='ocrx_word' id='word_1_123' title='bbox 846 1775 1008 1856; x_wconf 87' lang='lat' dir='ltr'><strong>sequioris</strong></span> <span class='ocrx_word' id='word_1_124' title='bbox 1025 1779 1109 1839; x_wconf 77' lang='lat' dir='ltr'><strong>aevi</strong></span> <span class='ocrx_word' id='word_1_125' title='bbox 1127 1783 1266 1862; x_wconf 86' lang='lat' dir='ltr'><strong>scripto·</strong></span> 
     </span>
     <span class='ocr_line' id='line_1_18' title="bbox 276 1856 1264 1944; baseline 0 -22"><span class='ocrx_word' id='word_1_126' title='bbox 276 1886 346 1942; x_wconf 82' lang='lat' dir='ltr'><strong>res,</strong></span> <span class='ocrx_word' id='word_1_127' title='bbox 382 1861 450 1927; x_wconf 84' lang='lat' dir='ltr'><strong>vid.</strong></span> <span class='ocrx_word' id='word_1_128' title='bbox 471 1880 551 1944; x_wconf 83' lang='lat' dir='ltr'><strong>quos</strong></span> <span class='ocrx_word' id='word_1_129' title='bbox 580 1858 694 1921; x_wconf 84' lang='lat' dir='ltr'><strong>citavit</strong></span> <span class='ocrx_word' id='word_1_130' title='bbox 713 1856 968 1920; x_wconf 77' lang='lat' dir='ltr'><strong>Heinichenad</strong></span> <span class='ocrx_word' id='word_1_131' title='bbox 988 1859 1114 1925; x_wconf 82' lang='lat' dir='ltr'><strong>Euseb.</strong></span> <span class='ocrx_word' id='word_1_132' title='bbox 1141 1863 1264 1925; x_wconf 84' lang='lat' dir='ltr'><strong>Histor.</strong></span> 
     </span>
     <span class='ocr_line' id='line_1_19' title="bbox 276 1939 1301 2028; baseline -0.009 -17"><span class='ocrx_word' id='word_1_133' title='bbox 276 1949 395 2011; x_wconf 86' lang='lat' dir='ltr'><strong>Eccles.</strong></span> <span class='ocrx_word' id='word_1_134' title='bbox 409 1946 483 2007; x_wconf 85' lang='lat' dir='ltr'><strong>Lib.</strong></span> <span class='ocrx_word' id='word_1_135' title='bbox 497 1944 540 2020; x_wconf 90' lang='lat'><strong>11,</strong></span> <span class='ocrx_word' id='word_1_136' title='bbox 555 1945 606 2008; x_wconf 89' lang='grc'><strong>17.</strong></span> <span class='ocrx_word' id='word_1_137' title='bbox 623 1940 778 2020; x_wconf 72' lang='lat' dir='ltr'><strong>iudicent</strong></span> <span class='ocrx_word' id='word_1_138' title='bbox 798 1939 931 2002; x_wconf 86' lang='lat' dir='ltr'><strong>eruditi.</strong></span> <span class='ocrx_word' id='word_1_139' title='bbox 945 1940 1120 2020; x_wconf 80' lang='lat' dir='ltr'><strong>Adiectivi</strong></span> <span class='ocrx_word' id='word_1_140' title='bbox 1145 1943 1268 2028; x_wconf 75' lang='grc' dir='ltr'><strong>ἕκνομος</strong></span> <span class='ocrx_word' id='word_1_141' title='bbox 1300 1997 1301 2002; x_wconf 73' lang='grc'>,</span> 
     </span>
     <span class='ocr_line' id='line_1_20' title="bbox 276 2021 1301 2110; baseline -0.004 -16"><span class='ocrx_word' id='word_1_142' title='bbox 276 2034 394 2094; x_wconf 87' lang='lat' dir='ltr'><strong>similis</strong></span> <span class='ocrx_word' id='word_1_143' title='bbox 424 2027 556 2110; x_wconf 83' lang='lat' dir='ltr'><strong>quidem</strong></span> <span class='ocrx_word' id='word_1_144' title='bbox 593 2021 831 2106; x_wconf 86' lang='lat' dir='ltr'><strong>quodammodo</strong></span> <span class='ocrx_word' id='word_1_145' title='bbox 864 2027 892 2085; x_wconf 87' lang='lat' dir='ltr'><strong>si</strong></span> <span class='ocrx_word' id='word_1_146' title='bbox 917 2025 1064 2087; x_wconf 78' lang='lat' dir='ltr'><strong>sificatio</strong></span> <span class='ocrx_word' id='word_1_147' title='bbox 1098 2040 1178 2108; x_wconf 87' lang='lat' dir='ltr'><strong>est,</strong></span> <span class='ocrx_word' id='word_1_148' title='bbox 1220 2030 1266 2093; x_wconf 86' lang='lat' dir='ltr'><strong>sed</strong></span> <span class='ocrx_word' id='word_1_149' title='bbox 1300 2025 1301 2050; x_wconf 71' lang='lat'><em>³</em></span> 
     </span>
    </p>

    <p class='ocr_par' dir='ltr' id='par_1_4' title="bbox 148 2107 1301 2868">
     <span class='ocr_line' id='line_1_21' title="bbox 148 2107 1266 2198; baseline -0.002 -22"><span class='ocrx_word' id='word_1_150' title='bbox 148 2189 152 2198; x_wconf 58' lang='lat'><strong>.</strong></span> <span class='ocrx_word' id='word_1_151' title='bbox 277 2113 364 2196; x_wconf 86' lang='lat' dir='ltr'><strong>apud</strong></span> <span class='ocrx_word' id='word_1_152' title='bbox 382 2113 484 2193; x_wconf 86' lang='lat' dir='ltr'><strong>Orpb.</strong></span> <span class='ocrx_word' id='word_1_153' title='bbox 502 2113 683 2196; x_wconf 81' lang='lat' dir='ltr'><strong>Argonaut.</strong></span> <span class='ocrx_word' id='word_1_154' title='bbox 697 2107 761 2169; x_wconf 80' lang='grc' dir='ltr'><strong>νε.</strong></span> <span class='ocrx_word' id='word_1_155' title='bbox 778 2111 829 2170; x_wconf 85' lang='grc'><strong>60.</strong></span> <span class='ocrx_word' id='word_1_156' title='bbox 911 2128 982 2170; x_wconf 86' lang='lat' dir='ltr'><strong>eam</strong></span> <span class='ocrx_word' id='word_1_157' title='bbox 1003 2117 1266 2190; x_wconf 86' lang='lat' dir='ltr'><strong>correctionem,</strong></span> 
     </span>
     <span class='ocr_line' id='line_1_22' title="bbox 279 2192 1264 2281; baseline -0.001 -23"><span class='ocrx_word' id='word_1_158' title='bbox 279 2215 472 2281; x_wconf 86' lang='lat' dir='ltr'><strong>quamquam</strong></span> <span class='ocrx_word' id='word_1_159' title='bbox 489 2192 762 2268; x_wconf 83' lang='lat' dir='ltr'><strong>minus-facilem,</strong></span> <span class='ocrx_word' id='word_1_160' title='bbox 782 2200 820 2252; x_wconf 82' lang='lat' dir='ltr'><strong>ut</strong></span> <span class='ocrx_word' id='word_1_161' title='bbox 837 2195 1055 2272; x_wconf 82' lang='lat' dir='ltr'><strong>praeferrem,</strong></span> <span class='ocrx_word' id='word_1_162' title='bbox 1079 2209 1264 2278; x_wconf 82' lang='lat' dir='ltr'><strong>praeterea,</strong></span> 
     </span>
     <span class='ocr_line' id='line_1_23' title="bbox 275 2276 1301 2364; baseline -0.004 -19"><span class='ocrx_word' id='word_1_163' title='bbox 275 2283 376 2344; x_wconf 87' lang='lat' dir='ltr'><strong>sicuti</strong></span> <span class='ocrx_word' id='word_1_164' title='bbox 403 2278 565 2353; x_wconf 82' lang='lat' dir='ltr'><strong>indicavi,</strong></span> <span class='ocrx_word' id='word_1_165' title='bbox 607 2277 687 2338; x_wconf 80' lang='lat' dir='ltr'><strong>fecit</strong></span> <span class='ocrx_word' id='word_1_166' title='bbox 712 2276 896 2337; x_wconf 84' lang='lat' dir='ltr'><strong>scholiastis</strong></span> <span class='ocrx_word' id='word_1_167' title='bbox 921 2277 1129 2360; x_wconf 83' lang='lat' dir='ltr'><strong>explicatio,</strong></span> <span class='ocrx_word' id='word_1_168' title='bbox 1180 2303 1266 2364; x_wconf 87' lang='lat' dir='ltr'><strong>quem</strong></span> <span class='ocrx_word' id='word_1_169' title='bbox 1300 2285 1301 2356; x_wconf 66' lang='lat' dir='ltr'><strong>i</strong></span> 
     </span>
     <span class='ocr_line' id='line_1_24' title="bbox 278 2357 1301 2448; baseline 0 -20"><span class='ocrx_word' id='word_1_170' title='bbox 278 2365 409 2448; x_wconf 89' lang='lat' dir='ltr'><strong>quidem</strong></span> <span class='ocrx_word' id='word_1_171' title='bbox 429 2364 532 2446; x_wconf 88' lang='lat' dir='ltr'><strong>probe</strong></span> <span class='ocrx_word' id='word_1_172' title='bbox 559 2358 805 2422; x_wconf 83' lang='lat' dir='ltr'><strong>considerabam</strong></span> <span class='ocrx_word' id='word_1_173' title='bbox 831 2359 956 2421; x_wconf 84' lang='lat' dir='ltr'><strong>verbis:</strong></span> <span class='ocrx_word' id='word_1_174' title='bbox 1001 2357 1039 2422; x_wconf 78' lang='grc' dir='ltr'><strong>οὐ</strong></span> <span class='ocrx_word' id='word_1_175' title='bbox 1060 2361 1169 2442; x_wconf 79' lang='grc' dir='ltr'><strong>μόνον</strong></span> <span class='ocrx_word' id='word_1_176' title='bbox 1189 2369 1265 2446; x_wconf 78' lang='grc' dir='ltr'><em>τιμᾷ,</em></span> <span class='ocrx_word' id='word_1_177' title='bbox 1300 2369 1301 2388; x_wconf 69' lang='grc'>’</span> 
     </span>
     <span class='ocr_line' id='line_1_25' title="bbox 278 2444 1301 2529; baseline -0.014 -16"><span class='ocrx_word' id='word_1_178' title='bbox 278 2447 352 2514; x_wconf 76' lang='grc' dir='ltr'><strong>ἀλλὰ</strong></span> <span class='ocrx_word' id='word_1_179' title='bbox 376 2451 429 2510; x_wconf 81' lang='grc' dir='ltr'><strong>καὶ</strong></span> <span class='ocrx_word' id='word_1_180' title='bbox 450 2447 533 2527; x_wconf 73' lang='grc' dir='ltr'><strong>σέβει</strong></span> <span class='ocrx_word' id='word_1_181' title='bbox 553 2464 646 2527; x_wconf 89' lang='lat' dir='ltr'><strong>posse</strong></span> <span class='ocrx_word' id='word_1_182' title='bbox 666 2444 717 2506; x_wconf 87' lang='lat' dir='ltr'><strong>vel</strong></span> <span class='ocrx_word' id='word_1_183' title='bbox 738 2444 842 2505; x_wconf 89' lang='lat' dir='ltr'><strong>solum</strong></span> <span class='ocrx_word' id='word_1_184' title='bbox 866 2444 1061 2506; x_wconf 80' lang='lat' dir='ltr'><strong>vocabulum</strong></span> <span class='ocrx_word' id='word_1_185' title='bbox 1090 2449 1188 2529; x_wconf 63' lang='grc' dir='ltr'><strong>σέβει</strong></span> <span class='ocrx_word' id='word_1_186' title='bbox 1208 2454 1267 2512; x_wconf 71' lang='lat' dir='ltr'><strong>cir.</strong></span> <span class='ocrx_word' id='word_1_187' title='bbox 1300 2451 1301 2480; x_wconf 62' lang='lat'>¹</span> 
     </span>
     <span class='ocr_line' id='line_1_26' title="bbox 277 2526 1268 2614; baseline -0.005 -15"><span class='ocrx_word' id='word_1_188' title='bbox 277 2535 494 2599; x_wconf 80' lang='lat' dir='ltr'><strong>conscribere</strong></span> <span class='ocrx_word' id='word_1_189' title='bbox 514 2531 675 2603; x_wconf 84' lang='lat' dir='ltr'><strong>voluisse;</strong></span> <span class='ocrx_word' id='word_1_190' title='bbox 716 2526 773 2590; x_wconf 87' lang='lat' dir='ltr'><strong>sed</strong></span> <span class='ocrx_word' id='word_1_191' title='bbox 786 2527 860 2591; x_wconf 78' lang='lat' dir='ltr'><strong>,hoc</strong></span> <span class='ocrx_word' id='word_1_192' title='bbox 884 2536 979 2608; x_wconf 81' lang='lat' dir='ltr'><strong>pacto</strong></span> <span class='ocrx_word' id='word_1_193' title='bbox 1000 2530 1100 2592; x_wconf 81' lang='lat' dir='ltr'><strong>verbi</strong></span> <span class='ocrx_word' id='word_1_194' title='bbox 1131 2532 1268 2614; x_wconf 75' lang='grc' dir='ltr'><strong><em>ἐκνόμων</em></strong></span> 
     </span>
     <span class='ocr_line' id='line_1_27' title="bbox 276 2609 1268 2700; baseline -0.003 -19"><span class='ocrx_word' id='word_1_195' title='bbox 276 2621 328 2684; x_wconf 84' lang='lat' dir='ltr'><strong>vel</strong></span> <span class='ocrx_word' id='word_1_196' title='bbox 351 2615 564 2700; x_wconf 81' lang='lat' dir='ltr'><strong>quodcunque</strong></span> <span class='ocrx_word' id='word_1_197' title='bbox 593 2609 685 2674; x_wconf 84' lang='lat' dir='ltr'><strong>aliud</strong></span> <span class='ocrx_word' id='word_1_198' title='bbox 714 2611 787 2672; x_wconf 89' lang='lat' dir='ltr'><strong>loco</strong></span> <span class='ocrx_word' id='word_1_199' title='bbox 810 2613 877 2694; x_wconf 86' lang='lat' dir='ltr'><strong>ejus</strong></span> <span class='ocrx_word' id='word_1_200' title='bbox 899 2610 941 2672; x_wconf 90' lang='lat' dir='ltr'><strong>ob</strong></span> <span class='ocrx_word' id='word_1_201' title='bbox 970 2614 1088 2676; x_wconf 86' lang='lat' dir='ltr'><strong>oculos</strong></span> <span class='ocrx_word' id='word_1_202' title='bbox 1111 2616 1268 2694; x_wconf 77' lang='lat' dir='ltr'><strong>habebat,</strong></span> 
     </span>
     <span class='ocr_line' id='line_1_28' title="bbox 276 2693 1269 2776; baseline -0.005 -11"><span class='ocrx_word' id='word_1_203' title='bbox 276 2705 401 2765; x_wconf 84' lang='lat' dir='ltr'><strong>nuliam</strong></span> <span class='ocrx_word' id='word_1_204' title='bbox 431 2702 564 2762; x_wconf 87' lang='lat' dir='ltr'><strong>omnino</strong></span> <span class='ocrx_word' id='word_1_205' title='bbox 601 2697 763 2772; x_wconf 76' lang='lat' dir='ltr'><strong>rationem</strong></span> <span class='ocrx_word' id='word_1_206' title='bbox 795 2693 945 2756; x_wconf 82' lang='lat' dir='ltr'><strong>habuisse</strong></span> <span class='ocrx_word' id='word_1_207' title='bbox 981 2697 1158 2776; x_wconf 85' lang='lat' dir='ltr'><strong>putandus</strong></span> <span class='ocrx_word' id='word_1_208' title='bbox 1191 2711 1269 2762; x_wconf 87' lang='lat' dir='ltr'><strong>erat</strong></span> 
     </span>
     <span class='ocr_line' id='line_1_29' title="bbox 275 2777 1269 2868; baseline -0.005 -17"><span class='ocrx_word' id='word_1_209' title='bbox 275 2790 426 2851; x_wconf 82' lang='lat' dir='ltr'><strong>Ceterum</strong></span> <span class='ocrx_word' id='word_1_210' title='bbox 439 2783 574 2846; x_wconf 74' lang='lat' dir='ltr'><strong>verbum</strong></span> <span class='ocrx_word' id='word_1_211' title='bbox 591 2779 712 2859; x_wconf 78' lang='grc' dir='ltr'><strong>ἒκτιμᾶν</strong></span> <span class='ocrx_word' id='word_1_212' title='bbox 727 2777 839 2840; x_wconf 85' lang='lat' dir='ltr'><strong>cadom</strong></span> <span class='ocrx_word' id='word_1_213' title='bbox 858 2799 929 2838; x_wconf 87' lang='lat' dir='ltr'><strong>cum</strong></span> <span class='ocrx_word' id='word_1_214' title='bbox 946 2780 981 2840; x_wconf 87' lang='lat' dir='ltr'><strong>vi</strong></span> <span class='ocrx_word' id='word_1_215' title='bbox 998 2784 1153 2862; x_wconf 86' lang='lat' dir='ltr'><strong>positum</strong></span> <span class='ocrx_word' id='word_1_216' title='bbox 1175 2806 1269 2868; x_wconf 87' lang='lat' dir='ltr'><strong>repe·</strong></span> 
     </span>
    </p>

    <p class='ocr_par' dir='ltr' id='par_1_5' title="bbox 245 2863 1301 3184">
     <span class='ocr_line' id='line_1_30' title="bbox 245 2863 1301 2949; baseline -0.004 -16"><span class='ocrx_word' id='word_1_217' title='bbox 245 2868 247 2873; x_wconf 71' lang='grc'><strong>’</strong></span> <span class='ocrx_word' id='word_1_218' title='bbox 275 2875 364 2933; x_wconf 87' lang='lat' dir='ltr'><strong>ritur</strong></span> <span class='ocrx_word' id='word_1_219' title='bbox 383 2864 470 2949; x_wconf 88' lang='lat' dir='ltr'><strong>apud</strong></span> <span class='ocrx_word' id='word_1_220' title='bbox 489 2865 642 2946; x_wconf 85' lang='lat' dir='ltr'><strong>Sophocl.</strong></span> <span class='ocrx_word' id='word_1_221' title='bbox 663 2864 782 2924; x_wconf 78' lang='lat' dir='ltr'><strong>Eleon.</strong></span> <span class='ocrx_word' id='word_1_222' title='bbox 805 2863 862 2925; x_wconf 87' lang='lat' dir='ltr'><strong>Vs.</strong></span> <span class='ocrx_word' id='word_1_223' title='bbox 885 2863 935 2926; x_wconf 82' lang='grc'><strong>64.</strong></span> <span class='ocrx_word' id='word_1_224' title='bbox 978 2863 1134 2947; x_wconf 85' lang='lat' dir='ltr'><strong>Emperii</strong></span> <span class='ocrx_word' id='word_1_225' title='bbox 1156 2889 1269 2931; x_wconf 86' lang='lat' dir='ltr'><strong>emen·</strong></span> <span class='ocrx_word' id='word_1_226' title='bbox 1300 2941 1301 2944; x_wconf 7' lang='grc' dir='ltr'><strong>Ἴ</strong></span> 
     </span>
     <span class='ocr_line' id='line_1_31' title="bbox 276 2944 1270 3030; baseline -0.004 -14"><span class='ocrx_word' id='word_1_227' title='bbox 276 2955 441 3016; x_wconf 86' lang='lat' dir='ltr'><strong>dationem</strong></span> <span class='ocrx_word' id='word_1_228' title='bbox 459 2946 607 3030; x_wconf 70' lang='grc' dir='ltr'><strong>ἐκγόνων,</strong></span> <span class='ocrx_word' id='word_1_229' title='bbox 637 2965 741 3027; x_wconf 83' lang='lat' dir='ltr'><strong>nuper</strong></span> <span class='ocrx_word' id='word_1_230' title='bbox 761 2948 796 3008; x_wconf 86' lang='lat' dir='ltr'><strong>in</strong></span> <span class='ocrx_word' id='word_1_231' title='bbox 813 2946 904 3010; x_wconf 76' lang='lat' dir='ltr'><strong>Actis</strong></span> <span class='ocrx_word' id='word_1_232' title='bbox 920 2944 1098 3012; x_wconf 82' lang='lat' dir='ltr'><strong>Societstis</strong></span> <span class='ocrx_word' id='word_1_233' title='bbox 1118 2950 1270 3015; x_wconf 84' lang='lat' dir='ltr'><strong>Graecae</strong></span> 
     </span>
     <span class='ocr_line' id='line_1_32' title="bbox 276 3030 1270 3121; baseline -0.003 -23"><span class='ocrx_word' id='word_1_234' title='bbox 276 3037 457 3121; x_wconf 81' lang='lat' dir='ltr'><strong>Lipsiensis</strong></span> <span class='ocrx_word' id='word_1_235' title='bbox 478 3035 553 3097; x_wconf 92' lang='lat' dir='ltr'><strong>Vol.</strong></span> <span class='ocrx_word' id='word_1_236' title='bbox 575 3034 602 3109; x_wconf 87' lang='grc' dir='ltr'><strong>Ι,</strong></span> <span class='ocrx_word' id='word_1_237' title='bbox 631 3031 718 3094; x_wconf 80' lang='lat' dir='ltr'><strong>Faso.</strong></span> <span class='ocrx_word' id='word_1_238' title='bbox 739 3030 788 3106; x_wconf 90' lang='lat' dir='ltr'><strong>H,</strong></span> <span class='ocrx_word' id='word_1_239' title='bbox 811 3051 842 3113; x_wconf 88' lang='lat' dir='ltr'><strong>p.</strong></span> <span class='ocrx_word' id='word_1_240' title='bbox 866 3032 906 3093; x_wconf 90' lang='lat' dir='ltr'><strong>9o</strong></span> <span class='ocrx_word' id='word_1_241' title='bbox 927 3034 1158 3114; x_wconf 84' lang='lat' dir='ltr'><strong>propositam,</strong></span> <span class='ocrx_word' id='word_1_242' title='bbox 1203 3058 1270 3098; x_wconf 88' lang='lat' dir='ltr'><strong>non</strong></span> 
     </span>
     <span class='ocr_line' id='line_1_33' title="bbox 279 3141 880 3184; baseline 0 -2"><span class='ocrx_word' id='word_1_243' title='bbox 279 3141 402 3184; x_wconf 85' lang='lat' dir='ltr'><strong>moror.</strong></span> <span class='ocrx_word' id='word_1_244' title='bbox 878 3157 880 3162; x_wconf 87' lang='lat'><em>·</em></span> 
     </span>
    </p>

    <p class='ocr_par' dir='ltr' id='par_1_6' title="bbox 235 3197 1272 3521">
     <span class='ocr_line' id='line_1_34' title="bbox 235 3197 1270 3288; baseline -0.005 -19"><span class='ocrx_word' id='word_1_245' title='bbox 235 3241 276 3254; x_wconf 93' lang='lat'><strong>-·-</strong></span> <span class='ocrx_word' id='word_1_246' title='bbox 296 3208 413 3288; x_wconf 78' lang='lat' dir='ltr'><strong>24sq.‚</strong></span> <span class='ocrx_word' id='word_1_247' title='bbox 433 3200 477 3263; x_wconf 86' lang='lat' dir='ltr'><strong>ad</strong></span> <span class='ocrx_word' id='word_1_248' title='bbox 497 3200 553 3263; x_wconf 85' lang='lat' dir='ltr'><strong>Vs.</strong></span> <span class='ocrx_word' id='word_1_249' title='bbox 576 3201 637 3264; x_wconf 80' lang='lat'><strong>104</strong></span> <span class='ocrx_word' id='word_1_250' title='bbox 647 3220 692 3281; x_wconf 81' lang='lat' dir='ltr'><strong>sq.</strong></span> <span class='ocrx_word' id='word_1_251' title='bbox 715 3206 748 3258; x_wconf 83' lang='lat' dir='ltr'><strong>et</strong></span> <span class='ocrx_word' id='word_1_252' title='bbox 770 3197 829 3263; x_wconf 84' lang='lat'><strong>115</strong></span> <span class='ocrx_word' id='word_1_253' title='bbox 841 3217 906 3278; x_wconf 87' lang='lat' dir='ltr'><strong>sq.,</strong></span> <span class='ocrx_word' id='word_1_254' title='bbox 934 3198 962 3257; x_wconf 90' lang='lat' dir='ltr'><strong>si</strong></span> <span class='ocrx_word' id='word_1_255' title='bbox 984 3200 1071 3259; x_wconf 86' lang='lat' dir='ltr'><strong>tanti</strong></span> <span class='ocrx_word' id='word_1_256' title='bbox 1093 3211 1166 3280; x_wconf 87' lang='lat' dir='ltr'><strong>est,</strong></span> <span class='ocrx_word' id='word_1_257' title='bbox 1212 3207 1270 3266; x_wconf 85' lang='lat' dir='ltr'><strong>cfr.</strong></span> 
     </span>
     <span class='ocr_line' id='line_1_35' title="bbox 276 3277 1272 3368; baseline -0.009 -14"><span class='ocrx_word' id='word_1_258' title='bbox 276 3294 380 3354; x_wconf 87' lang='lat' dir='ltr'><strong>etiam·</strong></span> <span class='ocrx_word' id='word_1_259' title='bbox 414 3306 497 3368; x_wconf 87' lang='lat' dir='ltr'><strong>quae</strong></span> <span class='ocrx_word' id='word_1_260' title='bbox 535 3289 766 3368; x_wconf 82' lang='lat' dir='ltr'><strong>congesserunt</strong></span> <span class='ocrx_word' id='word_1_261' title='bbox 803 3277 982 3344; x_wconf 86' lang='lat' dir='ltr'><strong>Blomfield.</strong></span> <span class='ocrx_word' id='word_1_262' title='bbox 1026 3281 1185 3348; x_wconf 85' lang='lat' dir='ltr'><strong>Glossar.</strong></span> <span class='ocrx_word' id='word_1_263' title='bbox 1234 3284 1272 3346; x_wconf 85' lang='lat' dir='ltr'><strong>ad</strong></span> 
     </span>
     <span class='ocr_line' id='line_1_36' title="bbox 276 3361 1272 3451; baseline -0.005 -14"><span class='ocrx_word' id='word_1_264' title='bbox 276 3363 391 3437; x_wconf 77' lang='lat' dir='ltr'><strong>Aesob.</strong></span> <span class='ocrx_word' id='word_1_265' title='bbox 413 3371 522 3432; x_wconf 87' lang='lat' dir='ltr'><strong>Prom.</strong></span> <span class='ocrx_word' id='word_1_266' title='bbox 544 3366 601 3430; x_wconf 89' lang='lat' dir='ltr'><strong>Vs.</strong></span> <span class='ocrx_word' id='word_1_267' title='bbox 624 3370 694 3432; x_wconf 91' lang='grc'><strong>676.</strong></span> <span class='ocrx_word' id='word_1_268' title='bbox 717 3375 750 3428; x_wconf 89' lang='lat' dir='ltr'><strong>et</strong></span> <span class='ocrx_word' id='word_1_269' title='bbox 770 3362 894 3451; x_wconf 79' lang='lat' dir='ltr'><strong>Pflugk.</strong></span> <span class='ocrx_word' id='word_1_270' title='bbox 926 3361 1038 3428; x_wconf 82' lang='lat' dir='ltr'><strong>adnot.</strong></span> <span class='ocrx_word' id='word_1_271' title='bbox 1072 3366 1117 3429; x_wconf 78' lang='lat' dir='ltr'><strong>ad</strong></span> <span class='ocrx_word' id='word_1_272' title='bbox 1147 3371 1272 3451; x_wconf 86' lang='lat' dir='ltr'><strong>Eurip.</strong></span> 
     </span>
     <span class='ocr_line' id='line_1_37' title="bbox 275 3453 581 3521; baseline -0.01 0"><span class='ocrx_word' id='word_1_273' title='bbox 275 3456 409 3521; x_wconf 80' lang='lat' dir='ltr'><strong>Heracl.</strong></span> <span class='ocrx_word' id='word_1_274' title='bbox 430 3453 487 3515; x_wconf 86' lang='lat' dir='ltr'><strong>Vs.</strong></span> <span class='ocrx_word' id='word_1_275' title='bbox 511 3455 581 3518; x_wconf 72' lang='lat'><strong>994.</strong></span> 
     </span>
    </p>

    <p class='ocr_par' dir='ltr' id='par_1_7' title="bbox 274 3532 1301 3785">
     <span class='ocr_line' id='line_1_38' title="bbox 275 3532 1272 3619; baseline -0.005 -15"><span class='ocrx_word' id='word_1_276' title='bbox 275 3543 359 3604; x_wconf 83' lang='lat' dir='ltr'><strong>Mox</strong></span> <span class='ocrx_word' id='word_1_277' title='bbox 379 3537 422 3601; x_wconf 82' lang='lat' dir='ltr'><strong>ad</strong></span> <span class='ocrx_word' id='word_1_278' title='bbox 440 3538 497 3601; x_wconf 89' lang='lat' dir='ltr'><strong>Vs.</strong></span> <span class='ocrx_word' id='word_1_279' title='bbox 520 3541 588 3600; x_wconf 82' lang='lat' dir='ltr'><strong>lto.</strong></span> <span class='ocrx_word' id='word_1_280' title='bbox 611 3556 651 3600; x_wconf 88' lang='lat' dir='ltr'><strong>ox</strong></span> <span class='ocrx_word' id='word_1_281' title='bbox 678 3555 743 3598; x_wconf 86' lang='lat' dir='ltr'><strong>uno</strong></span> <span class='ocrx_word' id='word_1_282' title='bbox 766 3532 836 3599; x_wconf 89' lang='lat' dir='ltr'><strong>cod.</strong></span> <span class='ocrx_word' id='word_1_283' title='bbox 858 3534 941 3619; x_wconf 64' lang='lat' dir='ltr'><strong>Reg.</strong></span> <span class='ocrx_word' id='word_1_284' title='bbox 957 3533 997 3592; x_wconf 81' lang='lat'><strong>1..</strong></span> <span class='ocrx_word' id='word_1_285' title='bbox 1026 3533 1118 3614; x_wconf 85' lang='lat' dir='ltr'><strong>apud</strong></span> <span class='ocrx_word' id='word_1_286' title='bbox 1148 3536 1272 3600; x_wconf 87' lang='lat' dir='ltr'><strong>Faebs.</strong></span> 
     </span>
     <span class='ocr_line' id='line_1_39' title="bbox 276 3615 1275 3710; baseline -0.007 -23"><span class='ocrx_word' id='word_1_287' title='bbox 276 3646 337 3710; x_wconf 91' lang='lat' dir='ltr'><strong>pro</strong></span> <span class='ocrx_word' id='word_1_288' title='bbox 358 3620 456 3684; x_wconf 79' lang='grc' dir='ltr'><strong>πάντα</strong></span> <span class='ocrx_word' id='word_1_289' title='bbox 474 3621 569 3683; x_wconf 76' lang='grc' dir='ltr'><strong><em>ταῦτα</em></strong></span> <span class='ocrx_word' id='word_1_290' title='bbox 592 3625 745 3682; x_wconf 83' lang='lat' dir='ltr'><strong>enotatur</strong></span> <span class='ocrx_word' id='word_1_291' title='bbox 771 3621 902 3681; x_wconf 79' lang='lat' dir='ltr'><strong>inverso</strong></span> <span class='ocrx_word' id='word_1_292' title='bbox 931 3615 1049 3678; x_wconf 86' lang='lat' dir='ltr'><strong>ordine</strong></span> <span class='ocrx_word' id='word_1_293' title='bbox 1078 3621 1275 3702; x_wconf 86' lang='lat' dir='ltr'><strong>scriptum:</strong></span> 
     </span>
     <span class='ocr_line' id='line_1_40' title="bbox 274 3697 1301 3785; baseline -0.008 -11"><span class='ocrx_word' id='word_1_294' title='bbox 274 3712 368 3774; x_wconf 76' lang='grc' dir='ltr'><strong><em>ταῦτα</em></strong></span> <span class='ocrx_word' id='word_1_295' title='bbox 399 3704 509 3768; x_wconf 76' lang='grc' dir='ltr'><strong>πάντα.</strong></span> <span class='ocrx_word' id='word_1_296' title='bbox 552 3702 630 3767; x_wconf 86' lang='lat' dir='ltr'><strong>Vid.</strong></span> <span class='ocrx_word' id='word_1_297' title='bbox 661 3700 805 3766; x_wconf 79' lang='lat' dir='ltr'><strong>Lobeck.</strong></span> <span class='ocrx_word' id='word_1_298' title='bbox 832 3701 942 3765; x_wconf 81' lang='lat' dir='ltr'><strong>adnot.</strong></span> <span class='ocrx_word' id='word_1_299' title='bbox 970 3698 1013 3761; x_wconf 73' lang='lat' dir='ltr'><strong>ad</strong></span> <span class='ocrx_word' id='word_1_300' title='bbox 1042 3697 1150 3784; x_wconf 84' lang='lat' dir='ltr'><strong>Soph.</strong></span> <span class='ocrx_word' id='word_1_301' title='bbox 1179 3705 1275 3785; x_wconf 82' lang='lat' dir='ltr'><strong>Ajac.</strong></span> <span class='ocrx_word' id='word_1_302' title='bbox 1300 3753 1301 3782; x_wconf 59' lang='lat'><strong>.</strong></span> 
     </span>
    </p>
   </div>
   <div class='ocr_carea' id='block_1_3' title="bbox 275 3794 1301 4027">
    <p class='ocr_par' dir='ltr' id='par_1_8' title="bbox 275 3794 1301 4027">
     <span class='ocr_line' id='line_1_41' title="bbox 275 3794 1301 3955; baseline -0.011 -13"><span class='ocrx_word' id='word_1_303' title='bbox 275 3794 498 3942; x_wconf 46' lang='lat' dir='ltr'><strong>deblrgszjb&#39;s</strong></span> <span class='ocrx_word' id='word_1_304' title='bbox 521 3875 590 3937; x_wconf 82' lang='lat'><strong>112.</strong></span> <span class='ocrx_word' id='word_1_305' title='bbox 612 3832 672 3955; x_wconf 87' lang='lat' dir='ltr'><strong>pro</strong></span> <span class='ocrx_word' id='word_1_306' title='bbox 685 3844 687 3855; x_wconf 38' lang='lat'>¹</span> <span class='ocrx_word' id='word_1_307' title='bbox 702 3873 866 3953; x_wconf 85' lang='lat' dir='ltr'><strong>scriptura</strong></span> <span class='ocrx_word' id='word_1_308' title='bbox 893 3863 1096 3953; x_wconf 78' lang='grc' dir='ltr'><strong>ἇρκυσμάτων</strong></span> <span class='ocrx_word' id='word_1_309' title='bbox 1128 3883 1277 3952; x_wconf 86' lang='lat' dir='ltr'><strong>praeter</strong></span> <span class='ocrx_word' id='word_1_310' title='bbox 1300 3901 1301 3906; x_wconf 16' lang='grc' dir='ltr'><strong>κ</strong></span> 
     </span>
     <span class='ocr_line' id='line_1_42' title="bbox 276 3941 1301 4027; baseline -0.019 -4"><span class='ocrx_word' id='word_1_311' title='bbox 276 3965 380 4024; x_wconf 85' lang='lat' dir='ltr'><strong>libros</strong></span> <span class='ocrx_word' id='word_1_312' title='bbox 406 3979 426 4020; x_wconf 82' lang='lat' dir='ltr'><strong>a</strong></span> <span class='ocrx_word' id='word_1_313' title='bbox 447 3957 643 4022; x_wconf 77' lang='lat' dir='ltr'><strong>Vvellauero</strong></span> <span class='ocrx_word' id='word_1_314' title='bbox 674 3957 790 4017; x_wconf 83' lang='lat' dir='ltr'><strong>citatos</strong></span> <span class='ocrx_word' id='word_1_315' title='bbox 814 3974 884 4027; x_wconf 63' lang='lat' dir='ltr'><strong>‚non</strong></span> <span class='ocrx_word' id='word_1_316' title='bbox 912 3953 1020 4026; x_wconf 85' lang='lat' dir='ltr'><strong>solum</strong></span> <span class='ocrx_word' id='word_1_317' title='bbox 1046 3957 1133 4016; x_wconf 84' lang='lat' dir='ltr'><strong>facit</strong></span> <span class='ocrx_word' id='word_1_318' title='bbox 1165 3959 1277 4020; x_wconf 84' lang='lat' dir='ltr'><strong>lectio</strong></span> <span class='ocrx_word' id='word_1_319' title='bbox 1300 3941 1301 4004; x_wconf 74' lang='grc'><strong>1</strong></span> 
     </span>
    </p>
   </div>
   <div class='ocr_carea' id='block_1_4' title="bbox 275 4035 1301 4124">
    <p class='ocr_par' dir='ltr' id='par_1_9' title="bbox 275 4035 1301 4124">
     <span class='ocr_line' id='line_1_43' title="bbox 275 4035 1301 4124; baseline -0.008 -18"><span class='ocrx_word' id='word_1_320' title='bbox 275 4044 365 4106; x_wconf 87' lang='lat' dir='ltr'><strong>Med.</strong></span> <span class='ocrx_word' id='word_1_321' title='bbox 389 4063 406 4104; x_wconf 87' lang='lat' dir='ltr'><strong>e</strong></span> <span class='ocrx_word' id='word_1_322' title='bbox 429 4042 539 4104; x_wconf 87' lang='lat' dir='ltr'><strong>collat.</strong></span> <span class='ocrx_word' id='word_1_323' title='bbox 560 4039 725 4124; x_wconf 80' lang='lat' dir='ltr'><strong>Weigel.:</strong></span> <span class='ocrx_word' id='word_1_324' title='bbox 765 4035 999 4119; x_wconf 73' lang='grc' dir='ltr'><strong>ἆρκουσμάτων,</strong></span> <span class='ocrx_word' id='word_1_325' title='bbox 1022 4038 1083 4099; x_wconf 86' lang='lat' dir='ltr'><strong>ubi</strong></span> <span class='ocrx_word' id='word_1_326' title='bbox 1104 4038 1157 4108; x_wconf 86' lang='lat' dir='ltr'><strong>ad¹</strong></span> <span class='ocrx_word' id='word_1_327' title='bbox 1181 4061 1276 4124; x_wconf 84' lang='lat' dir='ltr'><strong>aspe·</strong></span> <span class='ocrx_word' id='word_1_328' title='bbox 1300 4079 1301 4082; x_wconf 19' lang='grc' dir='ltr'><strong>κ</strong></span> 
     </span>
    </p>
   </div>
   <div class='ocr_carea' id='block_1_5' title="bbox 0 0 1330 4688">
    <p class='ocr_par' dir='ltr' id='par_1_10' title="bbox 0 0 1330 4688">
     <span class='ocr_line' id='line_1_44' title="bbox 0 0 1330 4688; baseline 0 0"><span class='ocrx_word' id='word_1_329' title='bbox 0 0 1330 4688; x_wconf 95' lang='lat' dir='ltr'><strong> </strong></span> 
     </span>
    </p>
   </div>
  </div>
 </body>
</html>
