2812 4690
246 313 319 403 ‘112

372 491 536 579 decrepitae
556 497 609 580 μὲν
629 497 721 582 ὕβρις
740 491 828 572 τέκος
848 497 891 572 ὥς
913 491 1037 582 ἐτύμως·

370 585 403 646 ἐκ
425 580 450 645 ολ
471 584 584 664 ὑγιείας

370 671 488 749 φρενῶν
508 667 524 730 ὁ
546 669 641 729 πᾶσιν
661 668 749 747 φίλος

369 755 423 815 καλ
441 748 623 824 πολύευκτος
644 744 746 833 ὄλβος.

327 861 456 922 Primus
476 879 588 924 versus
610 861 689 942 quia
715 857 883 922 nonsatis
903 867 992 924 recte
1013 860 1190 945 respondet
1210 884 1271 925 an-

244 945 460 1028 tistrophicor

369 1026 427 1101 Ἐς
446 1023 480 1091 ad
502 1029 564 1090 πᾶν
585 1026 620 1090 δι’
637 1051 686 1092 τον
706 1023 791 1108 λέγω,
1152 1089 1156 1108 ,

243 1115 311 1178 viri
338 1112 429 1175 docti
456 1121 514 1174 aut
543 1114 580 1172 in
606 1113 668 1176 illo
695 1121 771 1193 post
793 1109 943 1194 ἅναρκτον
970 1115 1179 1177 inseruerunt
1201 1109 1269 1190 οὖν,

245 1207 302 1260 aut
328 1219 368 1258 ex
396 1195 459 1258 hoc
489 1195 522 1257 δὲ
547 1195 743 1274 ejiciendum
764 1205 959 1263 statuerunt.
1011 1200 1065 1260 An
1086 1199 1270 1278 Aeschylus

244 1303 306 1367 pro
330 1279 479 1360 diapason
501 1277 635 1342 dederat
665 1275 844 1363 ἀνάρχετον,
874 1290 913 1343 ut
935 1279 1121 1366 ἀπεύχετον,
1154 1279 1272 1344 ἀτίετον

244 1369 331 1428 dixit
352 1385 413 1448 pro
437 1362 593 1440 ἄπκυκτον,
618 1361 737 1426 drosos?
779 1365 870 1426 infra
891 1367 928 1426 in
949 1367 1023 1428 loco
1046 1367 1186 1453 gemello
1208 1367 1269 1430 Vs.

245 1455 307 1516 666
338 1458 386 1512 est
416 1447 560 1530 ἄναρχον.
623 1447 744 1510 Eadem
772 1452 862 1512 vocis
889 1452 996 1511 forma
1016 1453 1125 1511 utitur
1144 1449 1270 1512 scholi-

244 1545 327 1598 astes
348 1535 543 1596 sententiam
571 1541 716 1594 nostram
744 1534 920 1616 explicans.
958 1531 1138 1616 ’Ἀναρκτον
1158 1532 1268 1597 decia-

244 1629 338 1682 ratur
359 1619 399 1679 ab
420 1616 599 1694 Hesychio.

325 1701 467 1764 Versum
488 1701 638 1781 quintum
660 1707 748 1762 recte
768 1701 915 1762 restituit
933 1698 1161 1764 Wellauerus.
1217 1699 1271 1762 De

242 1788 352 1850 verbis
382 1781 443 1848 ἄλλ’
473 1781 566 1862 ἄλλᾳ,
596 1803 736 1866 quorum
758 1784 976 1846 alterum¹aut
1004 1804 1069 1845 non
1091 1785 1272 1846 afferture

244 1873 340 1932 tibris
369 1887 485 1945 mser„
518 1876 575 1929 aut
603 1867 686 1928 falso
715 1869 790 1928 loco
811 1869 977 1950 positum,
1005 1875 1145 1931 testatur
1167 1869 1270 1930 etiam

231 1954 451 2034 scholiastes:
476 1949 564 2029 itta)
588 1948 662 2012 ἄλλοι
684 1947 782 2022 οἷλλοῖς
802 1951 904 2034 ἐφορᾷ
925 1952 941 2014 ὁ
963 1948 1051 2024 θεὸς.

327 2036 390 2098 Ad»
408 2055 538 2098 versum
565 2036 738 2116 septimum
766 2035 830 2096 hoc
862 2035 1034 2099 adnotavit
1060 2031 1268 2096 scholiastes:

245 2121 342 2197 τέκος)
358 2119 449 2202 ὕβριν
462 2119 606 2200 γεννῶσα.
641 2113 772 2178 Scribe:
794 2114 886 2200 ὕβριν
898 2117 1006 2198 τοκάς)
1018 2117 1108 2201 ὕβριν
1119 2118 1265 2197 γεννῶσα.

243 2196 341 2290 verr
356 2206 460 2292 igitur
491 2210 539 2264 est
564 2200 791 2282 simillimum,
822 2221 898 2264 eum
924 2222 1058 2267 versum
1086 2207 1191 2262 totum
1215 2199 1268 2261 sic

244 2291 426 2374 repperisse
447 2289 623 2370 scriptum:

369 2370 563 2455 δυσσεβλα
582 2367 636 2451 μὲν
655 2364 775 2450 ὕβριν
795 2363 916 2442 τοκᾶς
936 2351 979 2445 οἷς
1000 2365 1125 2453 ἐτύμως.
1147 2409 1189 2424 .-

584 2599 652 2672 Vs.
680 2593 918 2674 sto-514.

368 2751 427 2826 Ἐς
446 2748 481 2814 τὸ
501 2751 563 2812 πᾶν
584 2748 620 2812 δέ
636 2773 685 2812 τοι
705 2748 792 2832 λέγω,

367 2833 472 2918 βωμόν
492 2835 613 2898 αἴδεσαι
634 2833 730 2908 δίκας·

367 2919 446 3002 μηδὲ
462 2945 521 2996 νον,

368 3007 479 3088 κέρδος
502 3002 591 3080 ἰδών,
616 3001 700 3084 ἀθέῳ
720 3003 793 3066 ποδὶ
812 2997 869 3078 dci}
890 2998 955 3066 ἄτλ-

371 3106 438 3177 σῃς·
461 3085 553 3177 norro}
572 3084 632 3169 γὰρ
655 3087 787 3152 ἐπέσται.

326 3201 438 3263 Primo
466 3219 564 3263 versu
591 3196 627 3260 δέ
642 3221 692 3262 τοι
718 3198 817 3262 habet
838 3195 889 3263 ed.
910 3193 1004 3273 Alu,
1036 3187 1073 3255 δέ
1101 3213 1153 3256 σοι
1173 3191 1268 3256 codd.

244 3287 323 3372 Reg.
350 3287 390 3349 11.
413 3282 555 3367 Guelph.
585 3282 697 3359 Rob.;
729 3305 781 3346 ooo
799 3282 999 3348 VVellauero
1033 3278 1134 3342 etiam
1161 3280 1269 3363 magis

243 3374 352 3450 piacet
373 3388 468 3452 quam
488 3391 547 3431 τοι.
590 3368 732 3453 Legitur
751 3365 786 3428 id
814 3371 893 3431 item
915 3366 950 3425 in
973 3359 1045 3426 cod.
1068 3359 1159 3423 Med.
1181 3359 1271 3444 apud

243 3455 468 3599 Ἧοίᾗῖλίοω,
491 3460 524 3514 ot
544 3469 622 3514 sane
642 3447 870 3534 recipiendum
892 3447 1035 3512 videtur.

367 3556 409 3599 ox
429 3538 514 3597 mira
534 3538 683 3618 profecto
705 3544 754 3599 est
774 3535 943 3617 loquutios
965 3526 1044 3611 μηδὲ
1060 3553 1109 3592 νον
1129 3528 1187 3610 (sc.
1205 3534 1271 3610 βω·
1381 3513 1382 3554 ³

244 3620 303 3704 μὸν
323 3617 424 3700 δίκας)
457 3615 541 3700 ἀθέῳ
561 3619 634 3682 ποδὶ
654 3615 710 3694 λὰξ
732 3615 883 3694 cirione.
927 3612 1139 3677 Sustulemnt
1157 3623 1269 3675 tamen

245 3728 334 3783 earn,
362 3723 558 3787 quamquam
578 3723 644 3765 non
666 3687 836 3766 ferendam'
855 3703 959 3766 visam
981 3697 1149 3780 Stephano
1177 3697 1269 3758 aliis-

244 3812 325 3874 que,
357 3789 559 3853 recentiores
590 3786 745 3850 editores.
806 3786 848 3848 Et
875 3786 935 3847 ille
963 3780 1096 3866 quidem
1127 3781 1270 3859 conjecit

244 3871 385 3951 πατὴσης
405 3889 466 3954 pro
490 3868 596 3947 ἀτλσης
617 3869 825 3934 scribendum
846 3885 931 3947 esse,
954 3865 1059 3949 quod,
1082 3865 1212 3927 etiamsi
1233 3865 1270 3924 in

245 3942 355 4024 codd.⁴
372 3954 460 4019 Med.
494 3963 528 4019 et
555 3940 631 4042 Reg.
663 3956 702 4022 L.
733 3951 936 4036 reperiatur,
969 3951 1088 4013 falsum
1114 3967 1184 4010 esse
1215 3948 1270 4010 vel

244 4053 386 4106 metrum
402 4041 522 4128 arguit.
566 4039 605 4102 ln
626 4041 678 4103 his
699 4040 796 4103 libris
813 4054 909 4102 mser.
928 4035 963 4100 in
985 4033 1137 4138 mprgine
1147 4033 1269 4111 scripta
1381 4085 1382 4131 ἒ
