2794 4692
178 297 179 306 ‘
225 323 415 413 cxxxvi

225 507 439 600 Minervae,
487 509 551 584 ubi
577 510 660 584 finis
685 508 733 585 sit
757 503 889 610 fugae,
925 509 1170 606 respondent:
1217 513 1258 588 in

227 613 336 688 Orco.
420 613 537 707 Quam⁴
563 636 676 708 quum
718 634 829 707 porro
871 608 1108 710 interrogat,
1158 605 1259 708 [num

227 711 340 787 etiam
363 714 532 789 Orestem
557 711 659 809 quasi
692 725 892 786 venatores*
914 711 1035 785 feram
1065 712 1109 786 ad
1143 716 1259 787 talem

226 809 353 911 fugam
389 815 567 904 excitent,
599 851 648 865 -«
698 812 820 908 ajunt,
867 836 952 892 eum
987 811 1090 886 enim
1124 815 1257 890 matris
1307 845 1314 853 ·

225 914 450 1011 parricidam
489 939 566 990 esse
606 911 772 988 voluisse.
849 912 1040 1010 Significat
1076 915 1256 1009 Minerva,
1388 907 1389 942 ³

209 1015 383 1112 'possitne
407 1016 511 1109 fieri,
545 1029 585 1088 ut
609 1039 683 1088 non
709 1027 834 1109 sponte
858 1038 924 1088 sua
945 1013 1076 1088 lecerit
1098 1015 1256 1108 Orestes,

225 1116 288 1190 sed
321 1117 401 1208 dira
435 1115 646 1192 necessitate
678 1129 825 1188 coactus
858 1113 902 1187 ab
928 1114 1007 1188 ,alio
1043 1141 1123 1212 quo.
1199 1121 1257 1190 De

225 1242 296 1313 quo
322 1245 434 1314 quum
461 1216 622 1293 dubitent
643 1214 798 1307 Furiae,
830 1215 923 1288 nihil
948 1230 1026 1289 tarn
1048 1231 1157 1310 ‘atrox
1180 1242 1257 1292 esse

225 1333 430 1411 censentes,
457 1335 498 1394 ut
519 1318 563 1394 ad
583 1331 745 1391 matrem
762 1315 1056 1391 'interficiendam
1082 1317 1258 1420 instigare

220 1419 361 1516 possit,
387 1422 451 1496 illa
476 1443 632 1519 aequum
652 1443 729 1492 esse
755 1415 825 1508 ait,
851 1431 892 1489 ut
909 1417 1022 1492 etiam
1035 1421 1155 1494 ¹altera
1173 1446 1257 1516 pars

224 1519 393 1596 audiatur
410 1521 472 1612 ⁷9).
542 1520 621 1614 Quo
647 1519 745 1594 facto
771 1515 903 1592 Furiae
928 1535 1132 1615 opponunt,
1169 1521 1258 1596 Ore-

223 1635 331 1714 stem,
358 1623 390 1696 si
410 1625 478 1722 ipsi
494 1624 583 1697 haec
602 1618 768 1694 condicio
787 1615 971 1712 offeratur,
997 1636 1038 1693 ut
1055 1622 1258 1716 jurejuran-

219 1721 270 1798 do
296 1723 378 1800 dato
404 1750 443 1799 se
467 1737 617 1825 purget,
644 1745 717 1794 non
742 1735 979 1815 accepturum
1006 1747 1101 1813 esse,
1128 1723 1258 1820 quippe

224 1824 287 1922 qui
311 1825 565 1920 jusjurandum
590 1835 775 1920 praestare
799 1843 871 1893 non
897 1821 1018 1920 possit.
1081 1822 1140 1896 Ad
1167 1850 1257 1920 quae

223 1923 339 2002 verba
364 1927 533 2000 Minerva
559 1920 766 2019 respondet,
810 1921 889 1996 illas
915 1923 1169 2024 purgationem
1196 1950 1257 1998 au-

224 2024 327 2100 ribus
362 2026 480 2123 potius
514 2024 702 2120 accipere,
753 2045 863 2117 quam
898 2022 1061 2122 efficere,
1079 2028 1171 2100 velle
1192 2024 1256 2120 80).

222 2200 519 2218 mm

326 2301 561 2372 Ghoephororum
586 2305 711 2376 accidit,
755 2307 808 2362 clr.
834 2304 918 2362 etiam
944 2302 1018 2357 inira
1045 2302 1097 2358 Vs·
1118 2305 1169 2360 cla
1195 2319 1256 2373 sqq.

326 2371 525 2428 Nihilominus
543 2383 633 2430 mmor
659 2393 712 2431 nec
736 2376 771 2431 ad
796 2375 947 2445 gemellum
971 2372 1072 2438 illum,
1109 2373 1157 2441 qui
1182 2373 1256 2442 legi·

325 2452 373 2496 tur
390 2458 477 2512 supra
494 2442 546 2498 Vs.
564 2447 629 2510 201,
652 2461 706 2499 nec
725 2446 760 2498 ad
779 2446 853 2498 hunc
871 2446 964 2498 locum
982 2452 1048 2512 apta
1066 2449 1127 2510 est,
1151 2444 1255 2504 docen-

319 2523 356 2574 ,ιο
374 2511 579 2567 sententiarum
597 2529 691 2580 nexu,
727 2515 849 2568 maxime
867 2513 966 2582 priore
984 2513 1066 2576 loco,
1102 2513 1153 2565 sed
1171 2513 1256 2565 etlam

264 2599 267 2604 ·
326 2581 420 2634 altero
439 2583 546 2648 hocce,
564 2599 627 2636 uam
647 2584 697 2637 Vs.
716 2585 767 2637 leo
786 2594 815 2637 et
832 2585 883 2637 tot
901 2597 1000 2634 nomen
1019 2578 1090 2648 φυγή
1110 2581 1256 2637 exilium

325 2661 775 2775 ⁸v⁰l⁸l32”inlell‘⁹⁵‘s'0nllli
791 2643 871 2775 tl?
891 2648 1258 2788 lt‘ltttl‘tt‘lttt

324 2803 392 2842 nac
413 2803 539 2843 morant
562 2807 626 2844 nec
651 2790 808 2858 requiem
834 2789 1071 2861 permittere,
1107 2787 1167 2840 sed
1193 2803 1256 2841 eos

225 2899 229 2906 .
276 2875 278 2895 ι
325 2871 369 2911 ex
396 2858 574 2924 aedibus,
611 2858 643 2912 in
670 2875 755 2927 quas
783 2875 822 2912 se
849 2857 1256 2939 receperintlrecepta-

301 2925 441 2980 -eulum
465 2937 501 2982 et
525 2927 720 2983 latibulum
747 2926 968 2996 quaesituri,
998 2927 1177 2996 expulsos
1203 2942 1254 2980 as·

326 2994 433 3049 sidua
459 2996 541 3065 lugu
568 2995 721 3066 agitare.

247 3085 293 3155 79)
328 3085 391 3141 ctr.
409 3086 463 3170 Vs.
479 3092 538 3144 406.
564 3089 700 3170 Dictum,
721 3090 771 3172 'ad
790 3089 864 3156 quod
883 3089 938 3142 hoc
956 3089 1020 3142 loco
1032 3049 1183 3142 ¹adluditur
1205 3105 1256 3142 no-

249 3211 254 3221 ·
316 3159 937 3309 slanstetennttntltts
955 3158 1255 3291 {salutatu}

330 3297 402 3349 »etsi
422 3293 497 3349 illud
515 3293 720 3366 ψευὸησιόὸειον
742 3303 814 3376 grta
833 3313 922 3350 enim
941 3298 1104 3366 putatur)
1124 3296 1257 3366 observo,

233 3393 240 3409 ·
325 3361 395 3433 μηδὲ
413 3361 504 3447 discus
524 3373 589 3420 cett.
625 3365 825 3447 Reddiderunt
852 3365 881 3419 id
902 3365 1000 3446 ‘ipsum
1023 3374 1140 3434 praeter
1158 3364 1254 3418 Comi·

266 3486 270 3494 ,
325 3449 386 3486 cum
408 3437 464 3502 jam
490 3451 519 3488 1n
544 3436 652 3492 adnott.
672 3445 787 3491 citatum
806 3435 962 3506 Euripides
982 3435 1113 3489 Androm.
1135 3435 1256 3489 Vss939

326 3519 370 3570 sq.
398 3513 427 3557 et
445 3503 562 3559 Heracl.
583 3508 633 3560 179
657 3521 699 3572 sq.
720 3506 845 3571 (Matth.)
871 3511 955 3570 atque
972 3505 1083 3558 Auctor
1100 3500 1257 3556 Demodoci

322 3573 441 3694 tell
460 3571 660 3698 teuent
672 3573 1184 3699 lllltl“veditt‘ld'l'lffls
1202 3572 1255 3695 tt

323 3659 532 3793 dedglero
555 3714 590 3766 ad
612 3715 739 3783 priorem
763 3663 847 3768 iilic
871 3660 1000 3778 eidsdani
1022 3659 1256 3766 fabuleedodum

325 3795 357 3833 ιιι
375 3790 612 3852 comparationem
631 3792 755 3838 vocator.

242 3862 288 3944 80)
324 3871 384 3927 cfr.
412 3872 464 3928 vs.
492 3874 568 3958 dlllt
603 3871 692 3928 uidear
719 3865 828 3958 desqul'ots
852 3869 957 3941 μᾶλλον
983 3865 1001 3938 ἣ
1026 3868 1131 3952 redigar
1156 3867 1256 3936 dilate,

322 3944 606 4088 ἓξέαῖηνῖξῖὶὶἃίεὲῗέιῗ
624 3943 796 4080 Stidieidjdt
810 3942 937 4078 tqqpqup
944 3943 1049 4065 iiidice
1058 3943 1255 4088 21¹¹?otsglussltq:

247 4086 251 4095 '
323 4093 374 4136 ror
397 4082 433 4136 ed
459 4081 534 4137 hune
558 4092 647 4152 usque
665 4081 739 4137 diem
763 4091 920 4152 propagate
937 4093 1011 4134 esse.
1064 4077 1255 4144 StanleJus
