2794 4692
1032 369 1128 451 CXV

110 621 383 639 W

202 723 237 778 85
254 737 336 790 sqq,
363 737 392 790 p.
410 720 461 774 133
478 733 553 789 sqq..
590 732 619 776 et
643 738 717 790 quae
741 737 829 795 supra
852 723 927 779 inter
944 726 1129 781 enarrandum

202 791 309 863 passim
328 789 492 844 notavimus.
526 791 585 856 Ea,
610 807 682 857 quae
700 808 800 846 revera
818 808 935 848 caussae
951 793 979 848 in
1001 793 1065 865 ipso
1080 797 1129 862 ju·

204 859 284 914 dicio
302 857 443 920 actionem
468 859 636 912 antecedere
653 860 800 928 solebant,
835 871 883 916 atat
900 878 954 916 non
974 865 1051 930 justo
1068 880 1129 916 mo-

202 931 248 994 do,
267 939 316 982 aut
330 928 441 982 omnino
461 943 514 980 non
534 941 783 984 commemorantur
800 943 848 986 aut
865 943 1128 998 repraesentantem

200 995 347 1065 npdp’p‘qmr
364 1012 418 1050 non
441 1004 513 1067 opus
531 1008 600 1050 erat.
624 1009 625 1012 ’
649 999 843 1070 Praeparetur
868 1002 960 1066 nihil,
997 1003 1072 1068 quod
1092 1001 1127 1054 ad
1187 1037 1190 1042 ·

201 1083 327 1121 caussam
347 1065 376 1120 in
398 1065 509 1132 judicio
528 1065 689 1121 accuratius
707 1079 755 1122 aut
779 1067 894 1124 facilius
919 1069 1128 1134 dijudicandam

201 1136 302 1200 iaciat,
323 1135 372 1188 sed
391 1132 505 1202 integra
524 1134 653 1203 quaestio
671 1135 700 1190 in
721 1137 775 1190 iilo
794 1139 859 1208 ipso
877 1138 1046 1195 absolvitur.
1083 1141 1130 1194 De

202 1205 375 1260 testimoniis
394 1213 422 1258 et
437 1203 626 1272 argumentis,
645 1221 717 1272 quae
732 1221 831 1260 revera
845 1211 901 1274 jour
918 1207 946 1260 in
963 1207 1129 1276 cognitione

202 1290 320 1328 caussae
346 1273 551 1338 afferebantur,
584 1273 712 1328 Minerva
739 1287 832 1330 monet
856 1277 970 1342 quidem
994 1281 1050 1344 jam
1076 1276 1129 1332 Va.

201 1345 267 1409 463,
296 1342 347 1396 sed
366 1357 401 1394 eo
425 1350 528 1395 tanturn
546 1341 620 1405 fine,
653 1352 683 1396 ut
702 1343 731 1395 in
750 1343 814 1413 ipso
831 1345 944 1410 judicio
964 1357 1060 1416 parata
1078 1347 1130 1400 ha-

203 1412 334 1468 beantur.
370 1409 461 1464 Sitnul
476 1413 541 1463 'cum
562 1413 637 1476 justa
662 1426 777 1464 caussae
801 1413 965 1478 cognitione
989 1415 1062 1496 apud
1081 1430 1129 1467 ar·

202 1481 333 1536 chantem
360 1494 454 1547 regern
484 1477 657 1532 instituenda
686 1481 924 1548 praetermittitur
953 1483 1129 1537 notissimum

202 1549 277 1603 iliud
306 1546 518 1616 jusjurandum,
559 1548 634 1613 quod
668 1548 796 1617 partibus
830 1552 1024 1620 praestandum
1058 1563 1129 1617 erat,

201 1615 351 1685 impostor
379 1616 500 1682 inquam.
551 1615 637 1668 lmmo
664 1617 748 1687 plane
776 1617 893 1672 silentio
920 1619 1129 1686 transmittitur,

203 1703 287 1754 quum
313 1697 403 1740 tamen
425 1684 617 1750 jusjurandum
641 1686 875 1756 Areopagitarum
900 1700 1131 1742 commemoretur

203 1757 312 1810 saltem.
347 1754 385 1808 Et
400 1763 462 1806 erat
481 1752 554 1806 illud
572 1767 640 1806 sane
659 1755 914 1822 transmittendum,
932 1759 1040 1829 quippe
1055 1757 1130 1824 quod

201 1847 237 1866 ··
263 1841 298 1878 nc
325 1822 353 1876 ei
380 1822 531 1889 quidquam
560 1821 695 1888 tribuam,
720 1825 805 1891 'quod
830 1827 886 1891 jam
913 1825 941 1879 in
961 1827 1076 1882 Adnott.
1101 1844 1128 1896 p.

203 1895 255 1946 luu
272 1893 300 1946 in
326 1893 397 1945 hanc
423 1907 479 1943 reru
503 1891 604 1955 attuli,
639 1902 687 1946 aut
706 1892 806 1946 Furias
833 1909 946 1962 urgeam
972 1895 1039 1948 deas
1066 1911 1129 1948 esse

202 1978 256 2017 uec
273 1978 341 2015 sane
360 1976 411 2030 per
429 1975 461 2012 se
478 1960 556 2029 ipsas
572 1962 669 2026 jurare
689 1962 858 2029 potuisse-
871 1963 973 2032 partim
990 1966 1026 2018 ad
1045 1979 1129 2018 caus·

202 2046 259 2084 satu
279 2029 394 2084 Orestis
420 2045 474 2082 nou
504 2030 685 2094 cucurrisset,
722 2030 771 2098 qui
798 2033 910 2085 caedem
934 2048 951 2085 a
973 2050 1004 2086 se
1028 2034 1130 2087 iactam

202 2115 258 2154 non
285 2107 415 2180 negaret,
451 2096 553 2168 partim
571 2114 588 2150 a
606 2097 704 2151 Furiis
728 2117 783 2152 non
810 2100 951 2171 potuisset
977 2101 1129 2184 praestari,

202 2169 363 2293 illitis
381 2165 695 2316 h¹l¹ltlth¹h¹¹¹¹
713 2176 1130 2316 tsshltsilt‘hthrlnh
1223 2291 1225 2294 ,

204 2304 1130 2444 hh‘liuhiJ'”rhhhhl‘hhhlllhilluditis

99 2412 102 2420 '
396 2409 404 2438 l
552 2415 553 2418 ’
844 2411 852 2439 l
977 2413 978 2416 ’

204 2444 369 2512 cognitione
394 2457 511 2494 caussae
535 2441 632 2494 afferri
660 2441 760 2508 solita,
796 2453 886 2497 tamen
911 2443 993 2497 etiarn
1012 2443 1040 2497 iu
1065 2444 1129 2514 ipso

201 2512 313 2581 judicio
337 2508 484 2579 judicibus
508 2509 671 2563 exhibentia
696 2522 791 2575 erant,
826 2528 897 2580 ergo
919 2512 993 2566 illud
1014 2513 1059 2568 val
1078 2527 1130 2583 per

201 2599 233 2636 se
260 2595 339 2635 recte
365 2580 438 2650 apud
459 2580 632 2648 Aeschylum
657 2591 889 2634 commemoratur
914 2591 1018 2636 tantum
1044 2593 1129 2650 atque

203 2661 285 2704 extra
304 2665 413 2703 scenam
433 2649 571 2718 praestari
588 2647 720 2716 fingitur,
741 2649 825 2715 haec,
844 2666 927 2716 quunr
946 2666 1061 2720 caussae
1079 2667 1129 2705 co-

202 2719 295 2789 gnitio
314 2719 388 2789 apud
411 2719 572 2771 archontem
585 2727 691 2796 'regem
715 2717 780 2800 rite¹
793 2718 923 2800 instituta
940 2720 1055 2774 omnino
1073 2736 1128 2774 nou

203 2787 1128 2928 lth‘lhhl‘llanthhrulth‚llhlhsilhhh

203 2927 277 2998 apud
296 2925 470 2994 Aeschylum
490 2924 594 2978 nullam
612 2925 726 2978 omnino
750 2925 1034 2994 mentiunewfieri,
1054 2928 1083 2981 id
1101 2926 1128 2980 si

202 2995 232 3050 in
258 2994 322 3064 ipso
349 2993 461 3061 judicio
488 2992 630 3062 praestari
663 2994 778 3048 solitum
810 2994 928 3060 luisset,
963 3009 1046 3063 quum
1074 2997 1129 3049 boc

203 3065 295 3136 ipsum
331 3071 416 3118 totum
445 3061 474 3115 in
501 3068 854 3133 scena'repraesentetur,
888 3074 937 3119 aut
967 3065 1000 3118 td
1028 3075 1129 3118 statum

203 3149 319 3186 caussae
343 3130 565 3198 cognoscendum
584 3130 754 3187 contulisset
770 3150 805 3186 eo
830 3133 927 3198 modo,
963 3132 1129 3202 quotesti·

203 3203 296 3256 monia
318 3211 402 3268 atque
426 3210 594 3268 argumenta.
631 3200 688 3255 Sed
707 3203 782 3270 quod
808 3201 881 3256 illud
899 3202 985 3271 vulgo
1004 3210 1129 3258 statuunt

204 3271 245 3326 ita
264 3271 372 3335 fuisse,
404 3284 458 3336 ego
476 3284 595 3333 censeo,
628 3281 724 3338 partes
740 3277 796 3338 jam
814 3271 842 3324 in
862 3270 1027 3340 cognitione
1044 3286 1127 3326 caus-

203 3356 252 3395 sae
279 3339 353 3410 apud
380 3339 541 3393 archontem
567 3353 660 3404 regem
684 3341 878 3406 jusjurandum
903 3339 1034 3406 dedisse,
1070 3349 1128 3394 turu

202 3418 322 3480 propter
339 3405 495 3474 analogiam
515 3405 670 3474 vulgarium
685 3408 870 3474 judiciorum,
904 3409 959 3462 uid.
978 3425 1049 3477 quae
1067 3407 1128 3463 mo·'

202 3478 265 3534 uuit
283 3477 548 3533 Schoemaonus
575 3473 604 3528 ia
631 3475 709 3530 libro
735 3477 771 3532 ab
799 3476 863 3547 ipso
886 3487 915 3533 et
932 3477 1068 3532 Meiero
1090 3479 1127 3532 da

202 3547 303 3602 litibus
324 3545 428 3601 Atticis
446 3543 610 3614 conscripto
629 3562 656 3615 p.
675 3547 723 3600 135
766 3547 828 3600 adn.
847 3548 896 3614 2⁰,
925 3547 1035 3600 turnob
1055 3547 1127 3602 banc
1241 3597 1243 3604 ,

203 3613 438 3687 Harpocrationis
465 3613 687 3669 adnotationem:
723 3583 866 3684 imposta,
893 3619 987 3682 sopior
1009 3610 1029 3683 ἡ
1050 3608 1127 3684 nopai

203 3682 269 3741 τῶν
286 3682 585 3749 διαδικαζομένων.
620 3685 796 3751 Δημοσθένης
813 3678 877 3736 κατ’
891 3680 1127 3752 Ἀριστοκράτους.

203 3755 304 3822 ltaque
321 3754 499 3824 Aeschylus,
534 3765 617 3822 quum
641 3767 756 3808 caussae
780 3753 971 3819 cognitionem
989 3755 1062 3825 apud
1080 3769 1127 3808 ar·

204 3827 332 3880 chantem
361 3821 503 3894 propriam
529 3819 640 3874 omnino
664 3839 718 3876 non
745 3823 925 3889 exhibuerit,
960 3839 994 3876 eo
1013 3821 1126 3876 facilius

205 3894 289 3948 etiam
322 3892 513 3960 iusiurandum
544 3889 634 3955 illud,
670 3894 745 3957 quod
779 3891 837 3945 isi
871 3902 987 3960 tangere
1012 3891 1126 3946 omnino

204 3979 259 4018 non
278 3959 372 4024 licuit,
397 3957 626 4029 praetermittere
645 3961 745 4030 potuit.
809 3970 902 4016 raeter
919 3963 1006 4023 haec,
1030 3961 1127 4031 prius·

204 4031 340 4100 quamde
363 4029 472 4083 ratione
496 4027 599 4095 iudicii
625 4028 717 4099 ipsius
740 4029 898 4094 videamus,
934 4028 1062 4083 breviter
1080 4023 1127 4080 hia

202 4100 313 4158 duabus
331 4097 548 4169 quaestionibus
573 4097 766 4168 defungimur.
800 4099 932 4168 Primum¹
953 4097 1045 4164 igitur
1068 4095 1126 4152 ali·

870 4218 919 4289 h,
