2728 4690
258 353 333 434 lm

256 529 312 606 jue·
321 523 461 608 epitheti
475 524 539 588 hoe
554 527 628 588 loeo
640 527 837 608 sumpserint
850 525 962 610 peulto
980 525 1149 589 variatam.
1186 525 1281 588 Alibi

256 629 371 675 vooem
397 629 450 672 me
478 629 545 672 nou
571 613 708 672 memini
735 612 862 697 legisse.
902 607 982 672 Neo
1003 617 1058 672 est
1073 606 1165 692 quod-
1192 609 1280 672 hano

258 690 503 772 interpretandi
546 693 706 755 rationem
750 695 892 756 maxime
941 691 1073 752 dubiam
1118 692 1279 754 dieamus.

257 775 457 839 Fritneohiue
484 777 521 836 in
540 775 676 858 append.
699 797 730 858 p.
753 779 795 840 86
821 797 881 840 neo
901 777 1066 857 synizeeiu
1085 777 1178 838 illam
1198 796 1278 856 pro-

257 857 315 920 bat
335 859 372 918 iu
390 876 472 922 voce
493 858 622 938 ὃαμιᾶν,
654 857 734 922 duoe
756 858 926 922 dochmios
947 857 1166 920 restituendoe
1186 860 1278 920 affir-

257 961 368 1020 mans,
387 943 548 1005 etruriae
569 943 728 1004 lectiones
749 943 816 1004 elio
838 941 959 1015 ducere
980 940 1165 1014 coutendit3
1197 962 1278 1002 oon-

256 1025 370 1104 jeeiese
390 1045 425 1088 ee
445 1025 667 1087 scribendum:
684 1020 755 1088 ,άιιὸ
777 1013 836 1128 peip
857 1025 1001 1106 pempeio
1021 1024 1167 1100 δαναιᾶν,
1195 1027 1274 1090 coll.

256 1107 315 1172 Va.
336 1109 399 1174 748
419 1107 508 1187 (775)
529 1129 595 1191 sq.:
615 1115 816 1182 παλαιους
835 1106 979 1190 νόμους

381 1189 653 1255 καθθιπιτάσασθε
672 1189 731 1254 κάκ
751 1195 850 1276 χερῶν
871 1190 992 1256 εἵλεσθέ
1007 1215 1077 1272 μου.

256 1273 401 1340 Eandem
429 1285 584 1358 tauquam
603 1274 768 1338 Ludorioi
788 1275 956 1339 Dindorfii
976 1271 1236 1338 emendationem
1257 1297 1277 1338 e

211 1433 214 1438 ¹
255 1359 415 1441 Stephani
436 1359 606 1423 Thesauro
637 1361 733 1421 affert
750 1359 990 1435 Hermannnsp
1010 1357 1199 1444 significans
1224 1368 1275 1420 ta·

253 1463 340 1520 men,
362 1439 562 1505 dubitationi
578 1442 752 1504 obnoxiam
773 1463 851 1507 esse.
894 1441 1013 1506 Seneui
1032 1442 1158 1518 saltem,
1179 1463 1274 1524 pree-

253 1536 403 1609 terquam
422 1523 511 1609 quod
529 1527 689 1588 facillima
709 1535 774 1603 eet,
802 1528 977 1598 eeffiefaoit3
1012 1529 1073 1588 ofr.
1095 1527 1195 1586 etiam
1214 1525 1274 1586 Vs.

253 1612 328 1676 372.
375 1608 484 1672 Possis
504 1617 614 1674 autem
634 1608 810 1672 secundum
837 1629 890 1686 ea,
922 1629 1004 1691 quae
1025 1599 1123 1670 modo
1143 1612 1273 1670 monui-

251 1714 342 1770 mus,
363 1693 526 1776 singulari
546 1711 682 1756 numero
704 1689 832 1754 δαναιᾶν
852 1694 996 1756 seribere
1017 1691 1133 1755 mallet
1160 1701 1198 1752 ut
1218 1711 1272 1754 ea-

252 1775 327 1840 dem
347 1775 403 1839 hio
424 1778 461 1838 iu
479 1777 545 1838 fine
565 1778 723 1838 efferatur
740 1779 844 1852 notio,
866 1795 948 1858 quae
969 1776 1009 1838 ab
1031 1775 1130 1836 initio
1144 1774 1270 1839 verbis:

252 1860 304 1942 ἐμὲ
323 1857 551 1941 παλαιόφρονα.
594 1858 682 1922 Vide
702 1862 802 1922 etiem
821 1861 879 1924 Ve.
902 1861 969 1924 8101
985 1868 1018 1920 et
1038 1860 1109 1923 843.
1153 1859 1272 1938 Quam-

317 1963 349 2004 m
378 1942 529 2004 codicum
559 1963 654 2004 macr.
685 1943 746 2003 hae
777 1946 813 2004 in
834 1963 945 2005 caussa
967 1963 1083 2025 anceps
1104 1949 1153 2004 est
1179 1939 1268 2004 fides.

251 1963 460 2107 &iptorum
486 2026 575 2104 τιμάν
604 2027 714 2105 δαμιᾶν
740 2045 807 2088 non
835 2037 902 2088 tem
927 2026 970 2088 ob
995 2045 1141 2102 sensum,
1174 2044 1270 2105 poam

249 2117 387 2254 propter
406 2110 559 2171 metricae
579 2112 742 2186 rationes,
775 2119 809 2170 et
829 2112 905 2192 quia
925 2111 1086 2177 minorem
1107 2127 1269 2170 commen-

272 2193 416 2256 utionem
443 2191 542 2258 habet
568 2191 609 2255 ab
636 2195 833 2256 auctoritate
854 2193 1016 2263 librorum
1036 2211 1152 2274 meon,
1174 2211 1269 2274 repu-

246 2273 420 2344 diaverim
442 2281 484 2330 ὲ-

618 2459 683 2531 Vs.
711 2455 792 2530 810
817 2477 910 2558 sqq.'
989 2544 991 2548 ι
1090 2392 1094 2398 ‘

371 2597 492 2684 Ὀρνάς
513 2601 643 2676 ξυνοίσω
665 2616 726 2664 σοι·
749 2597 910 2681 γεραιτέρα
930 2593 988 2680 γάρ
1009 2593 1046 2657 οἷ.
1081 2623 1084 2638 ·
1123 2650 1127 2660 .

371 2687 484 2748 Καίτοι
503 2706 536 2766 pe
556 2681 616 2764 μάν
638 2680 675 2746 σά
697 2679 782 2766 κάρτ’
805 2683 879 2761 ἐμοῦ
901 2679 1074 2760 σοφωτέρα,

371 2769 498 2850 φρονεῖν
520 2769 552 2830 di
573 2764 665 2850 κάμοὶ
686 2765 765 2840 Ζιάς
783 2765 893 2828 ἔδωκεν
915 2761 951 2828 οὐ
973 2764 1087 2834 κακαῖς.

329 2872 497 2940 Secundus
517 2897 630 2941 verene
658 2879 694 2939 in
723 2877 819 2938 libris
839 2871 1005 2938 veteribus
1026 2880 1059 2932 et
1079 2871 1210 2952 scriptis
1232 2881 1270 2933 et

246 2960 412 3040 impressis
434 2961 482 3022 sie
503 2961 658 3024 habetur:
681 2961 781 3024 καίτοι
800 2957 853 3039 μὲν
875 2955 913 3019 οι)
936 2952 1019 3038 κάρτ’
1034 2979 1064 3018 κ.
1083 2977 1111 3014 τ.
1131 2957 1177 3030 h,
1200 2958 1268 3016 αἱαὶ

291 3041 334 3102 od
355 3045 391 3102 in
412 3042 462 3107 ed.
484 3043 558 3106 Ald.
575 3063 643 3188 pro
664 3041 750 3128 κάρτ’
773 3051 822 3106 eet
840 3039 899 3124 γάρ
919 3038 963 3116 τ’,
993 3045 1107 3122 aperto
1133 3036 1266 3099 mendo.

269 3125 431 3204 yllaham,
463 3147 546 3210 quae
597 3137 681 3210 eeet,
712 3129 814 3191 veriie
846 3123 952 3188 modio
981 3123 1133 3206 supplere
1159 3130 1267 3184 ‘tenta-

242 3218 363 3270 verunt
382 3211 449 3271 riri
471 3211 570 3276 docti.
613 3211 710 3294 Quod
730 3217 897 3293 receptum
917 3205 1009 3272 videa
1030 3203 1267 3268 aWellauero

245 3288 382 3354 debetur
397 3291 552 3358 victorio
564 3305 598 3358 et
618 3315 637 3357 a
657 3297 811 3378 plurimis
831 3291 1069 3357 recentioribus
1089 3287 1268 3370 probatum

244 3383 303 3436 eet.
361 3375 477 3460 Nuper
507 3387 619 3442 tamen
648 3379 874 3453 Hermonem,
908 3397 927 3438 e
957 3375 1130 3458 partientis
1165 3372 1269 3434 καίτοι

241 3477 275 3540 pe
289 3453 354 3539 μὴν
374 3465 467 3543 sequi
487 3463 552 3537 ait,
583 3462 621 3524 ut
640 3471 738 3546 poete
758 3461 945 3543 scripserit:

365 3541 518 3625 καίτοιγε
537 3543 597 3626 μάν
618 3544 662 3608 οὐ
683 3541 768 3629 κάρτ’
790 3545 864 3624 ἐμοῦ
886 3540 1060 3624 σοφωτέρα,

242 3633 292 3703 et,
320 3628 350 3689 ei
371 3631 575 3692 eontrarium
594 3632 630 3691 in
651 3651 780 3693 aeneum
803 3632 974 3712 loquetur,
1004 3627 1192 3690 Minervam
1215 3631 1270 3690 ni-

237 3710 302 3772 mie
323 3711 540 3775 vereoundam
559 3731 630 3776 esse
651 3723 748 3798 atque
770 3714 958 3775 officiosam.
1011 3708 1099 3772 Illud
1126 3720 1166 3774 ut
1185 3731 1269 3774 cou-

240 3791 409 3873 oedamue,
436 3803 551 3876 tamen·
566 3806 637 3859 tum
656 3795 882 3860 tantummodo
905 3793 947 3856 ad
969 3813 1039 3856 rem
1059 3797 1168 3858 iecere
1188 3813 1270 3880 pos-

237 3887 304 3956 eet,
339 3879 369 3940 ei
397 3895 431 3960 pe
457 3875 516 3959 μὴν
544 3883 685 3967 genuina
713 3891 796 3944 esset
817 3877 967 3942 codicum
987 3880 1169 3960 scripture,
1206 3879 1269 3943 sed

235 3962 325 4024 nihil
346 3972 412 4042 eet,
433 3965 499 4025 uisi
519 3983 608 4026 mere
630 3967 811 4046 eorrectio,
839 3981 941 4045 eaque
960 3960 1050 4046 haud
1070 3981 1147 4025 eane
1167 3965 1269 4025 iacil-

235 4045 326 4112 limu
341 4077 364 4095 -v
389 4045 464 4112 Hoc
471 4091 483 4128 ,
515 4050 595 4113 licet
622 4050 688 4133 jam
717 4069 778 4136 per
806 4067 842 4113 ee
869 4043 967 4112 valde
998 4044 1147 4125 dubites,
1182 4067 1270 4111 uum
