2794 4692
954 297 956 302 ’
1016 345 1171 420 nxxtx

112 561 116 568 ·
140 538 184 588 se
209 512 312 589 valde
334 511 499 618 salientes
525 510 675 610 desuper
695 517 858 615 graviter
883 520 1010 595 cadens
1033 521 1171 596 inferre

248 769 351 824 beuter
376 767 517 832 concedo,
554 775 585 822 ut
606 767 668 822 lere
691 771 748 837 jam
765 783 783 824 a
799 769 1033 830 Schwenclcio
1058 776 1170 844 prolata

249 848 295 892 est
311 838 355 892 sic
376 847 517 892 vertente:
549 852 646 904 quum
671 838 827 894 homines
843 857 893 896 nte
908 841 1094 898 invocandi
1112 862 1169 915 po·

252 916 419 962 testatem
442 906 591 961 habeant
608 935 640 946 -
660 907 700 962 ita
724 910 819 966 studet
835 927 990 967 excusare:
1022 914 1121 966 »lieno
1140 929 1172 968 es

251 978 381 1031 versteht
402 974 466 1029 sich
485 992 539 1030 von
563 976 673 1043 selbst,
706 977 772 1032 dass
794 997 876 1034 wenn
894 981 942 1035 die
960 981 1110 1054 Eriuuyen
1128 997 1174 1035 sa·

251 1061 324 1114 gen,
359 1044 522 1098 dadurch
548 1045 627 1098 dass
650 1046 717 1100 wir
740 1049 805 1108 uud
828 1049 926 1105 nicht
949 1050 1174 1119 ihrangeru·

252 1115 311 1172 ieiu
328 1114 481 1178 werdet,
508 1115 677 1169 belreieu
694 1117 763 1186 uir
779 1119 866 1172 euch
884 1136 947 1174 von
966 1119 1038 1173 dem
1058 1119 1174 1174 Stral·

252 1193 354 1250 amte,
381 1182 424 1237 sie
442 1184 514 1238 auch
533 1183 661 1250 meinen,
679 1186 744 1240 dass
762 1187 807 1240 sie
824 1185 903 1242 dieae
921 1187 1018 1243 Bitten
1036 1190 1173 1255 erliillen,

251 1252 307 1308 und
333 1253 423 1307 durch
448 1253 496 1308 die
520 1253 675 1322 Erldllung
700 1256 852 1311 desselben
875 1256 922 1310 die
947 1259 1054 1312 andern
1072 1259 1176 1314 thter

252 1339 306 1376 von
333 1323 442 1376 diesem
468 1322 624 1378 Gesch'ailte
653 1324 807 1379 belreim«
858 1325 944 1389 Tum,
978 1325 1075 1396 inepti
1101 1327 1179 1384 Ste-

247 1391 354 1514 ihm
372 1390 567 1446 emendatione
583 1391 719 1463 probatu.
738 1394 823 1447 verba
840 1392 867 1448 ἐς
885 1389 1012 1464 ἄγκρισιν
1029 1395 1122 1452 ι’λθιῖν
1140 1398 1176 1451 de

276 1461 351 1515 uriis
367 1459 468 1516 statuit
485 1461 574 1515 dictet
600 1461 663 1515 »die
680 1461 744 1516 sich
761 1464 806 1516 als
823 1464 873 1517 die
890 1462 1037 1519 διώκουσαι
1053 1467 1178 1522 darstel·

251 1531 300 1586 len
317 1531 375 1584 und
392 1530 462 1585 weil
482 1529 546 1584 ihre
564 1529 657 1584 Sache
679 1531 794 1585 allemal
814 1541 926 1586 sattsam
951 1534 1109 1601 begriindet
1129 1537 1176 1600 ist,

252 1599 333 1654 nicht
350 1599 453 1667 niitbig
469 1599 561 1653 haben
579 1599 641 1653 sich
659 1615 711 1654 aur
727 1597 866 1666 dudupaotc
882 1618 917 1655 zu
935 1604 1065 1658 stellen.«
1101 1605 1178 1658 Por·

252 1685 286 1722 ro
310 1669 398 1722 verba
422 1665 614 1738 σι’μσσσοσογλσ
637 1665 778 1735 ἀξιόμισον
801 1673 881 1724 ἔθνος
897 1668 961 1724 adda
981 1689 1036 1726 non
1054 1674 1090 1726 de
1108 1689 1178 1742 par·

253 1737 371 1804 ricidis,
406 1747 437 1794 ut
460 1741 518 1805 jam
544 1737 733 1803 scholiastes,
768 1743 818 1794 sed
844 1742 882 1794 de
904 1739 1001 1794 Furiis
1028 1740 1177 1810 intelligit,

255 1823 311 1874 quo
328 1839 361 1850 -
380 1807 410 1860 id
429 1807 503 1874 quod
529 1807 581 1861 vix
604 1809 738 1862 crederes
756 1839 789 1851 -
807 1820 836 1863 et
861 1810 948 1862 rerba
973 1810 1036 1880 ipsa
1061 1819 1089 1865 et
1112 1826 1178 1864 sen·

253 1876 403 1932 tertiarum
421 1891 524 1932 nexum
541 1878 646 1931 ducere
664 1875 712 1931 ait.
747 1878 825 1933 llaec
843 1878 932 1946 igitur
952 1879 1059 1947 piacita
1076 1880 1179 1944 omnia,

254 1975 287 1989 -
305 1962 367 2000 nam
390 1945 466 2027 quod
490 1959 529 2000 ex
547 1947 601 1998 hoc
627 1945 719 2018 ipsius
743 1949 860 2003 decreto
878 1949 930 2004 Vs.
948 1953 998 2003 341
1017 1952 1180 2016 conjectura

254 2013 340 2068 facili
357 2016 490 2084 quidem,
508 2017 560 2070 aed
578 2013 771 2070 incertissima
789 2027 818 2073 et
836 2013 886 2071 vix
904 2033 983 2080 vera,
1001 2014 1180 2086 δειματοστα-

254 2082 299 2152 yis
315 2083 435 2152 scribit,
454 2093 485 2138 ut
503 2085 584 2139 locus
601 2085 785 2152 antithetico,
804 2103 886 2154 quem
905 2087 1022 2141 scilicet
1040 2090 1179 2143 vocabulo

253 2151 316 2207 sine
336 2153 440 2208 idoneo
457 2152 749 2221 auctoreinculcato,
782 2167 844 2210 utut
861 2156 1019 2225 sagaciter,
1047 2170 1076 2212 at
1093 2160 1180 2212 aude·
1227 2199 1229 2204 .

197 2226 202 2237 ’
253 2221 369 2276 cissime
387 2235 479 2278 tamen
492 2233 527 2278 et
543 2222 657 2278 minime
675 2235 769 2292 certo,
800 2226 843 2280 sic
863 2225 992 2293 selingui
1027 2223 1180 2278 παλλεύκων

251 2289 362 2346 πέπλων
374 2288 408 2346 ,δ’
426 2288 607 2362 ἀγέραστον
623 2313 648 2347 ιι.
664 2313 689 2346 c.
707 2293 730 2345 λ.
738 2331 748 2358 ,
773 2306 925 2362 aequetur,
949 2295 1036 2349 verbo
1053 2296 1179 2349 monuis-

251 2375 284 2416 se
310 2363 380 2416 satis
404 2360 512 2430 habeo,
547 2373 579 2416 ut
603 2379 660 2416 rem
686 2365 880 2418 secundariam
899 2395 931 2407 -·
949 2365 978 2417 si
1002 2380 1046 2417 me
1068 2365 1179 2429 audias,

249 2445 340 2498 aeque
357 2432 489 2500 quaesite
512 2439 598 2498 atque
623 2432 825 2502 improbabilia
844 2450 879 2487 ne
897 2433 986 2487 verbo
1003 2433 1116 2499 quidem
1134 2433 1181 2486 in·

251 2498 390 2573 terposito
407 2516 504 2556 moror
519 2500 614 2556 cuivis
631 2503 682 2555 uni
700 2501 865 2570 relinquens
885 2503 1019 2567 texenda,
1056 2513 1179 2571 excepto

250 2584 300 2634 eo,
334 2571 411 2637 quod
433 2569 525 2643 primo
549 2571 616 2626 loco
638 2570 795 2641 posuimus.
839 2570 945 2625 Verum
964 2572 1038 2624 enim
1057 2587 1179 2624 verone

249 2639 306 2692 hoc
323 2637 452 2706 quidem,
480 2655 658 2707 quemquam,
683 2648 714 2693 ut
729 2644 786 2706 jam
806 2640 835 2694 in
852 2639 968 2694 Adnott.
987 2659 1014 2708 p.
1033 2641 1067 2694 73
1084 2640 1179 2708 signi-

149 2729 151 2734 ·
249 2707 410 2773 licavimus,
443 2725 513 2779 prae
531 2710 653 2777 reliquis
671 2710 756 2763 laude
773 2709 888 2779 dignum
905 2710 1079 2774 judicamus,
1112 2709 1179 2764 ideo

249 2784 339 2830 ratum
357 2778 507 2847 habemns,
533 2779 693 2833 universum
720 2778 843 2846 quidem.
884 2778 1010 2833 lllledium
1027 2775 1180 2844 οπιάδομσι

249 2843 408 2901 Dati'smum
435 2863 499 2903 osse
526 2846 707 2904 contendenti
730 2849 905 2914 Elmslejo
919 2849 966 2901 ‘ad
982 2847 1083 2916 Eurip.
1101 2847 1179 2901 llled.

251 2914 305 2970 Vs.
323 2917 374 2971 1⁷9
399 2919 454 2984 iam
485 2918 643 2988 refragatus
674 2926 720 2972 est
745 2917 991 2971 Blomlieldus
1023 2917 1116 2970 adnot.
1143 2917 1179 2969 ad

250 2986 358 3038 Aesch.
375 2986 477 3055 hgam.
496 2987 547 3044 Vs.
569 2991 631 3052 ll'l,
650 2987 815 3043 vertendum
832 2986 952 3040 docens:
979 2987 1178 3054 depropero

251 3053 359 3121 mihi,
392 3067 422 3110 et
443 3055 500 3109 illo
525 3056 640 3123 quidem
661 3057 726 3110 loco
743 3056 817 3110 bene
844 3056 986 3110 fundatum
1004 3054 1097 3109 uideri
1116 3053 1180 3122 ipse

251 3122 475 3180 Hermannus
500 3126 639 3180 concedit.
674 3127 751 3180 Idem
775 3141 843 3179 uero
868 3125 952 3180 etiam
977 3125 1051 3195 epod
1075 3124 1180 3176 Home·

252 3207 313 3246 rum
331 3191 366 3246 ll.
384 3193 454 3259 XV,
473 3194 526 3248 4⁰2
553 3195 675 3266 reperiri
700 3207 864 3264 usurpatum
891 3204 920 3248 et
946 3194 1041 3247 eadem
1067 3192 1181 3268 quidem

251 3261 300 3328 ri,
330 3277 387 3329 qua
404 3261 524 3318 activum
543 3263 722 3319 intransitive
740 3265 900 3318 adhibitum
920 3263 1026 3316 ibidem
1045 3262 1098 3327 lV,
1118 3263 1179 3326 225,

253 3329 435 3386 ninimirum
454 3331 613 3400 significet:
647 3333 846 3400 festinare,
863 3335 918 3400 J‘am
938 3331 1132 3386 Passovius
1152 3331 1182 3383 in

251 3399 324 3454 Lex.
341 3416 364 3455 s.
383 3420 408 3457 v.
426 3401 544 3456 monuit.
590 3403 677 3469 Atqui
701 3411 820 3470 utraque
842 3403 887 3456 vis
913 3402 1052 3456 vocabulo
1077 3402 1105 3454 in
1125 3400 1180 3452 hoc

251 3471 436 3524 Eumenidum
454 3471 519 3526 loco
537 3473 654 3527 subesse
672 3483 782 3540 potest,
801 3480 833 3524 ut
852 3473 877 3524 is
895 3471 1011 3524 anobis
1029 3468 1181 3539 accipitur,

252 3539 376 3595 maxime
400 3539 483 3609 prior
508 3540 568 3596 illa.
615 3541 720 3594 Contra
737 3556 771 3593 an
797 3539 938 3608 singulari
962 3556 1079 3593 numero
1100 3557 1183 3590 σπιο·

253 3605 353 3676 ἀσμένα
370 3610 551 3665 scribendum
570 3609 620 3678 sit,
639 3625 721 3678 quam
739 3625 807 3674 rem,
824 3612 879 3676 jam
895 3608 1096 3691 Burgessio
1116 3609 1181 3677 pla·

255 3678 358 3746 citam,
391 3689 421 3733 et
440 3681 530 3760 ipsam
546 3683 602 3750 jam
621 3681 652 3735 in
669 3680 785 3736 Adnott.
804 3679 823 3732 l.
844 3695 868 3732 c.
885 3695 959 3733 novo
977 3677 1085 3733 indicio
1106 3677 1182 3754 diju3

254 3747 350 3802 dicato
377 3748 540 3818 tetigimus,
575 3768 631 3805 non
656 3749 747 3817 magis
774 3748 890 3801 dubium
912 3749 1048 3803 reddetur
1069 3745 1184 3801 etiamst

254 3817 443 3874 anacoluthon
467 3818 543 3873 illud
566 3836 622 3874 non
645 3818 822 3874 statuendum
839 3817 888 3872 sit.
923 3817 1038 3888 Quippe
1054 3814 1183 3882 equidem

254 3887 354 3940 nescio
381 3903 417 3941 an
445 3897 588 3943 structura
614 3889 766 3944 verborum
794 3887 837 3941 sic
868 3886 1041 3941 instituenda
1066 3883 1117 3947 sit,
1154 3891 1186 3935 ut

255 3955 342 4008 verbe
358 3954 432 4024 μάλο
449 3953 501 4027 γάρ
519 3947 568 4012 οὖν
585 3990 617 4002 -
636 3953 706 4012 ὅσον
719 3945 758 4011 'ed
776 3956 1020 4019 enunciationem,
1047 3969 1120 4033 quoe
1138 3952 1184 4004 in-

256 4021 331 4092 cipit
348 4041 364 4079 a
380 4027 495 4083 verbis:
529 4026 575 4082 ιἰιλ
591 4023 656 4092 riv,
678 4022 715 4088 οἳ,
742 4022 884 4093 διόμενοι,
913 4024 1064 4080 referenda
1081 4031 1138 4075 sint
1156 4029 1184 4074 et

255 4095 345 4148 verba
361 4093 540 4166 σπινδάμεκσι
553 4123 588 4140 -
604 4093 776 4164 ἀπηξιώσατο
789 4095 824 4148 ad
840 4095 1062 4159 antecedentem,
1081 4089 1184 4161 impri-
