2770 4690
114 3180 116 3186 ’
155 3250 157 3256 Ι
234 3150 312 3248 ipsa
341 3149 487 3246 quidem
517 3149 639 3226 fabula
663 3145 753 3227 nihil
784 3152 876 3226 inest
905 3153 998 3227 unde
1023 3154 1196 3252 conjicias
1211 3152 1256 3246 8).

247 355 360 436 xvt'

246 531 286 606 in
316 532 527 608 universum
562 555 693 626 ponere
725 529 820 606 lieet.
870 535 927 608 De
959 535 1107 636 singulis
1142 551 1264 612 tamen

247 631 442 730 quibusque
464 630 671 726 conjectura
689 648 742 706 est
760 632 953 710 admodum
981 637 1087 713 dubia
1110 651 1145 712 et
1193 639 1264 711 eri-

246 737 378 810 oulosa.
430 733 596 810 Primum
629 732 673 806 de
704 735 837 832 templo
862 734 945 832 ipso
966 738 1061 827 ,nihil
1087 741 1178 814 certi
1203 737 1264 814 ha·

243 833 312 908 heo
346 828 476 908 dicere.
529 835 660 908 Utrum
693 834 769 930 ejus
804 834 848 908 ad
873 837 1064 912 veritatem
1098 863 1263 936 expressa

244 947 323 1008 erat
346 933 487 1035 imago,
527 959 599 1009 nee
618 938 685 1010 ne?
744 939 806 1026 Et,
851 936 883 1009 si
907 936 996 1012 illud
1020 940 1160 1014 factum
1184 964 1261 1014 ere-

200 1040 205 1048 '
243 1033 324 1126 das,
358 1048 483 1109 utrum
508 1033 604 1109 illius
630 1035 784 1110 aedilicii
809 1036 901 1110 ratio
926 1037 1047 1114 habita
1073 1054 1166 1134 erat,
1201 1064 1261 1115 eu-

242 1137 299 1232 jus
324 1133 549 1233 Trophonius
574 1150 678 1232 atque
698 1135 900 1235 Agamedes
932 1139 1136 1216 conditores
1169 1138 1261 1216 fere-

241 1233 391 1326 bantur,
429 1260 476 1310 an
495 1234 614 1327 illius,
641 1235 734 1332 quod
757 1237 1025 1313 Alcmaeonidis
1051 1239 1261 1318 curantibus

242 1361 264 1412 a
295 1333 489 1433 Spintharo
531 1351 754 1423 exstructum
796 1363 873 1411 esse
914 1344 1076 1416 constat?
1145 1344 1261 1417 Porro

156 1520 159 1525 ,
239 1437 342 1534 prius
360 1463 451 1512 num
474 1462 651 1535 pronaum
677 1437 846 1530 habebat,
871 1453 911 1512 ut
930 1441 1107 1516 alterum?
1144 1441 1194 1514 At
1218 1440 1261 1516 il-

239 1536 303 1613 lud
337 1537 414 1632 jam
447 1539 588 1640 Olymp.
614 1539 682 1632 58,
709 1537 741 1614 l.
781 1537 944 1614 incendio
979 1539 1133 1614 deletum
1169 1557 1260 1636 erat,

238 1637 309 1714 hoe
334 1639 477 1740 Olymp.
505 1639 564 1717 75.
591 1656 690 1716 certe
714 1663 787 1716 non
818 1665 966 1738 prorsus
992 1638 1195 1716 absolutum
1213 1640 1257 1734 ⁷).

239 1739 344 1816 Prius
384 1740 498 1843 igitur
536 1741 708 1841 Aeschyli
750 1741 995 1839 temporibus,
1046 1743 1261 1840 praesertim

239 1839 536 1928 Atheniensibus,
581 1867 626 1914 ne
651 1857 777 1916 notum
802 1841 946 1936 quidem
970 1842 1124 1939 amplius
1149 1843 1261 1920 fuisse

230 1939 441 2014 'verisimile
465 1955 540 2028 est,
581 1956 617 2015 at
642 1944 797 2015 alterum
828 1943 939 2016 nimis
963 1967 1100 2017 novum
1126 1945 1260 2038 visum,

239 2065 348 2138 quam
374 2040 466 2135 quod
491 2041 535 2116 ad
561 2040 622 2116 illa
646 2057 827 2139 tempora,
864 2043 908 2117 ad
934 2069 1023 2138 quae
1047 2043 1135 2120 haec
1158 2045 1260 2120 fabu-

238 2144 274 2216 la
297 2139 469 2238 pertinet,
512 2141 646 2216 referri
679 2158 805 2241 posset.
868 2143 1094 2220 Crediderim
1128 2144 1258 2244 itaque,

238 2285 287 2300 -
312 2265 424 2339 neque
455 2241 493 2316 id
527 2243 612 2317 solis
647 2242 747 2320 hisee
784 2243 982 2320 rationibus
996 2245 1186 2322 'adductus
1210 2289 1260 2300 -

236 2367 350 2440 neque
370 2343 440 2417 hoo
465 2369 577 2439 neque
598 2344 686 2418 illud
711 2360 880 2420 accurate
904 2345 1016 2420 fuisse
1037 2372 1259 2444 expressum,

236 2443 298 2518 sed
321 2446 497 2540 templum
522 2445 652 2520 Dorici
677 2444 833 2544 ordinis,
861 2444 1065 2542 antiquum,
1099 2462 1137 2521 ut
1162 2448 1259 2523 vide-

235 2557 318 2638 tur,
361 2544 400 2618 in
434 2571 541 2620 scena
577 2561 881 2642 repraesentatum
918 2547 1047 2640 fuisse,
1092 2549 1185 2644 quod
1209 2563 1260 2640 ut

206 2671 301 2742 wpro
335 2647 510 2742 Delphico
547 2642 740 2722 haberetur
776 2663 810 2720 et
849 2648 1007 2747 regionis
1043 2648 1258 2749 significatio

236 2745 315 2838 illa,
353 2745 396 2819 de
430 2748 631 2844 quamodo
658 2749 833 2838 diximus,
873 2765 907 2822 et
939 2750 1009 2825 alia
1040 2750 1179 2851 singule
1205 2750 1258 2824 iu·

235 2845 349 2940 dicia,
384 2845 564 2943 equibus·
581 2848 732 2931 inferius
758 2875 871 2924 unum
898 2853 1098 2925 alterumve
1118 2849 1257 2944 indica-

235 2947 376 3039 bimus,
402 2949 603 3044 efficerent,
624 2951 760 3024 eedem
787 2951 907 3042 aedes,
940 2977 985 3026 an
1010 2967 1154 3048 praeter
1177 2953 1259 3026 ναὸν

234 3064 271 3124 et
296 3049 418 3146 ἄδυτον
445 3049 560 3128 etiam
581 3051 726 3146 updraoa
749 3051 881 3125 habere
905 3052 1092 3152 cogitanda
1110 3053 1186 3145 sit,
1218 3053 1257 3126 in

459 3309 511 3317 .·-.-

273 3402 303 3467 d)
338 3403 596 3525 laidillluelleri
620 3403 812 3476 compendium
833 3406 974 3460 archaeol.
998 3405 1084 3472 artis,
1111 3406 1136 3472 d.
1153 3407 1204 3474 8⁰,
1230 3409 1258 3462 ὅ.

266 3527 296 3605 8)
319 3473 564 3610 ‘thidad‘uiquts
598 3543 799 3598 consulendum
827 3559 892 3597 esse
917 3542 1087 3664 Euripidem
1110 3543 1194 3608 lone,
1228 3542 1258 3599 in

334 3624 390 3676 que
415 3610 511 3664 fabula
534 3611 630 3666 itidem
655 3627 739 3667 scene
765 3611 803 3668 sit
827 3617 891 3666 tute
917 3623 990 3682 temp
1005 3627 1048 3666 um
1074 3611 1257 3682 Delphicum.

337 3679 507 3746 Quamquam
531 3697 567 3735 ne
588 3699 625 3735 ex
653 3683 704 3734 hae
723 3681 832 3749 quidem
860 3682 920 3734 ullo
943 3693 1072 3750 respectu
1097 3692 1200 3735 certem
1223 3683 1260 3736 de

334 3747 497 3820 Aeschyleo
510 3765 609 3808 scenae
624 3751 734 3806 ratione
749 3751 959 3804 conclusionem
977 3751 1072 3805 lucere
1089 3751 1168 3804 lieet.
1196 3751 1259 3820 Igi-

336 3827 383 3870 tur
406 3815 435 3871 iu
462 3833 496 3872 es
518 3833 704 3874 memorantur
720 3817 839 3890 θυμέλαι
863 3820 925 3873 sive
941 3817 1049 3888 θυμέλη
1068 3819 1118 3875 Vs.
1135 3821 1178 3885 46,
1196 3823 1258 3888 ltt,

334 3886 378 3950 (θ.
397 3881 449 3939 dud
466 3889 552 3954 vaste,
587 3891 652 3954 159,
678 3891 728 3943 229
746 3891 793 3955 (de
811 3905 867 3957 quo
885 3887 996 3958 quidem
1015 3891 1080 3943 loco
1098 3904 1153 3942 non
1172 3889 1259 3959 plane

334 3953 452 4022 liquet),
487 3973 542 4024 quo
566 3959 705 4014 uocabulo
723 3970 801 4014 recte
823 3957 894 4012 mihi
916 3957 1141 4026 dlusgravius
1161 3959 1258 4015 adnot.

331 4023 367 4076 ed
381 4023 489 4080 Electr.
506 4025 556 4080 Vs.-
567 4029 626 4082 ⁷13.
642 4027 756 4082 videtur
769 4036 895 4082 statuere
910 4027 1011 4082 atrium
1029 4025 1172 4092 denoteri3
1190 4045 1258 4094 κρη-

331 4087 409 4149 πῖδες
432 4089 499 4149 raud
518 4094 568 4152 Vs·
586 4097 636 4163 ³8,
669 4094 761 4167 δόμων
784 4093 926 4152 θυοδόκων
944 4096 995 4154 Vs.
1013 4099 1081 4163 5123
1114 4093 1169 4168 repe*
1191 4093 1258 4150 ruod

1271 384 1273 393 .
1358 331 1359 400 l

1170 663 1191 734 p

1358 2509 1359 2570 l

1358 2573 1359 2620 t

1358 2651 1359 2744 l
