2794 4692
242 361 336 436 CXII

209 525 213 532 ’
240 531 383 624 suadet,
410 545 449 604 ut
471 532 570 606 cives
591 532 651 624 id,
677 531 769 629 quod
796 529 955 606 medium
977 531 1024 606 sit
1043 530 1140 605 inter
1160 534 1256 634 leges

239 633 373 709 solutas
403 646 439 706 et
472 629 707 729 impotentem
740 632 1042 724 dominationem,
1087 649 1258 712 curantes

239 747 399 829 teneant,
432 735 523 806 n‘eve
545 759 672 826 omne,
695 733 787 830 quod
810 746 971 808 metuere
996 731 1128 826 faciat,
1164 733 1258 806 urbe

238 833 394 930 ejiciant.
446 833 531 910 lnde
556 834 601 910 ad
624 835 889 932 perorationem
913 833 1112 926 transiens,
1145 837 1256 908 talem

238 937 486 1030 majestatem,
513 934 589 1027 ait,
615 938 708 1031 juste
732 949 959 1025 reverentes,
987 933 1256 1009 munimentum

238 1051 357 1110 terrae
392 1049 428 1108 et
455 1034 541 1109 urbi
573 1035 824 1126 salutiferum,
871 1036 974 1130 quale
1003 1057 1111 1108 nemo
1149 1035 1254 1126 alius,

237 1134 414 1212 habebitis
445 1136 597 1211 curiam'
621 1134 715 1224 hanc
751 1163 774 1212 a
805 1135 900 1210 lucri
930 1133 1096 1232 cupidine
1119 1135 1255 1210 immu-

237 1262 341 1329 nem,
368 1236 632 1327 venernhilem,
658 1235 870 1312 iracundam
889 1235 966 1329 ¹¹⁴),
993 1261 1118 1333 quam,
1142 1236 1255 1310 utoi·

237 1363 299 1414 ves
319 1362 446 1412 secure
462 1337 623 1413 dormire
646 1338 797 1435 possint,
824 1353 945 1412 terrae
964 1335 1149 1411 custodem
1168 1361 1254 1411 con-

124 1487 131 1503 .·
236 1439 355 1514 stitno.
405 1437 693 1534 Deniqueillam
712 1438 915 1514 suasionem
934 1453 1123 1534 postquam
1145 1436 1255 1538 signi-

235 1539 377 1629 ficavit,
424 1538 565 1628 civibus
601 1539 640 1611 in
672 1554 858 1634 posterum
891 1554 1033 1636 tempus
1068 1552 1253 1614 extensam

234 1665 333 1734 esse,
367 1639 512 1714 tandem
535 1640 671 1736 judices
704 1640 802 1734 jubet
826 1665 975 1742 surgere
1007 1655 1043 1714 et
1069 1641 1252 1714 calculum

233 1744 359 1815 tollere
389 1754 426 1814 et
456 1740 559 1815 litem
584 1741 776 1816 decernere
806 1740 1057 1838 jusjurandum
1085 1763 1251 1814 reveren-

231 1855 320 1916 tes..

330 1937 557 2042 Areopagitis
578 1939 691 2040 igitur
712 1966 792 2014 rem
814 1941 1101 2042 aggredientibus
1119 1939 1250 2016 Furiae

231 2040 403 2134 suadent,
441 2067 485 2116 ne
509 2041 604 2136 ipsas
628 2065 700 2116 non
723 2042 908 2115 honorent.
961 2043 1096 2118 Contra
1120 2043 1249 2136 Apollo

231 2159 293 2218 eos‘
324 2142 446 2239 jubet,
486 2142 653 2233 oracula,
689 2167 778 2239 quae
802 2142 877 2239 ipse
902 2157 937 2216 et
960 2143 1123 2240 Juppiter
1147 2142 1249 2218 dede-

232 2245 324 2339 rint,
368 2242 531 2319 revereri
561 2266 637 2336 nec,
658 2241 782 2318 fructu
813 2244 968 2339 privare.
1041 2243 1168 2319 Oritur
1198 2243 1251 2318 ita

231 2345 417 2422 altercatio
443 2344 539 2420 inter
563 2340 690 2417 Furias
716 2359 751 2418 et
771 2344 997 2440 Apollinem,
1022 2343 1118 2418 inter
1138 2369 1250 2439 quam

229 2446 366 2544 judices
402 2445 512 2522 certis
548 2443 711 2542 deinceps
748 2444 947 2522 intervallis
974 2444 1041 2540 ¹¹⁵)
1075 2442 1249 2544 suffragia

230 2548 329 2622 ferre
353 2562 515 2648 pergunt.

331 2775 389 2841 sit,
426 2783 482 2828 tum
505 2786 612 2831 certum
638 2785 701 2843 est,
734 2774 875 2843 siquidem
896 2771 1013 2847 primuni
1035 2778 1090 2833 hoc
1110 2774 1248 2846 judicium

328 2862 384 2900 uon
408 2844 438 2898 in
457 2845 534 2900 colle
550 2845 655 2900 Martis
678 2846 834 2899 exercitum
858 2844 992 2912 lingitur3
1028 2858 1058 2904 et
1074 2844 1137 2902 vice
1155 2861 1247 2913 uersa,

329 2929 413 2980 quum
433 2915 486 2967 troc
504 2926 673 2985 postremum
691 2930 746 2969 non
768 2917 824 2980 jam
843 2914 956 2968 dubium
975 2931 1039 2970 esse
1056 2915 1167 2985 possit,
1202 2927 1247 2970 et·

327 2981 381 3036 ianr
399 2981 446 3036 hio
465 2985 564 3050 locus,
599 2994 678 3039 recte
696 2983 880 3048 intellectus,
917 2982 956 3037 iis
974 2986 1162 3040 accensendus
1180 2983 1246 3049 erit,

328 3053 403 3106 unde
426 3052 531 3120 colligi
556 3053 665 3121 possit,
700 3052 774 3105 illud
793 3053 1028 3119 Areopagitarum
1051 3054 1190 3120 judicium
1207 3069 1246 3107 ex

327 3131 421 3176 tuente
439 3123 574 3194 Aeschyli
600 3131 663 3176 ente
690 3122 822 3192 ternplum
840 3121 986 3177 Minervae
1006 3123 1136 3178 Poliadis
1160 3139 1246 3177 exer·

329 3190 416 3245 citum
434 3191 532 3244 tui-sse.
575 3191 672 3254 Haec,
700 3190 734 3244 ad
753 3194 894 3258 quaejam
912 3206 997 3260 supra
1015 3209 1041 3264 p.
1054 3190 1124 3246 LIX
1141 3207 1246 3266 proto·

328 3259 408 3326 cati,
437 3261 496 3315 leri
518 3258 652 3314 bracchio
670 3259 814 3315 indicasse
831 3258 900 3316 setis
920 3261 1020 3316 habeo.

224 3347 286 3423 tlt)
325 3353 371 3410 Ne
388 3353 453 3421 quis
480 3355 535 3407 hoc
562 3351 708 3423 epitheton
731 3356 849 3410 miretur
875 3355 904 3410 in
923 3355 1021 3412 bonam
1039 3365 1192 3428 pertenet
1209 3357 1246 3411 de

324 3425 476 3546 Ατροραῇρ
503 3435 680 3493 usurpatum,
713 3435 848 3514 rpopstpo'
866 3425 1147 3518 ¹9⁶232‚t13¹,⁵¹¹¹¹2
1171 3427 1245 3512 apud

323 3491 1245 3631 238109ξῖόῦμῖοξὶρκέὶὸιδῗὲαὶωῗαξιὶδηβιῖεπὲινῖἰινιῖἆρέἔῖιίων-τρῖῑ

325 3631 399 3711 apud
426 3629 654 3700 Diogenianmn,
690 3631 768 3686 Ceut.
795 3631 842 3696 11,
877 3631 1009 3702 proverb.
1033 3633 1119 3701 xct,
1160 3643 1245 3713 atque

326 3698 442 3756 Suadam
462 3715 484 3752 s.
500 3717 526 3755 v.
543 3694 756 3767 Ἀρεοπαγίτην
774 3694 968 3772 Ἀρεοπαγίτης
985 3699 1030 3754 e'nt
1046 3699 1102 3755 wir
1118 3705 1245 3770 σκυθρω-

324 3767 385 3824 πῶν
402 3775 446 3821 stat
463 3763 634 3837 duepetpvnv
651 3775 696 3821 καὶ
713 3765 862 3835 σιωπηλῶν.
913 3771 1076 3828 Ammianus
1094 3771 1245 3826 Marcelli·

324 3854 377 3920 nus
403 3837 526 3918 JleX,
550 3839 567 3893 2
595 3837 783 3961 {le’l'ssllgs
815 3847 895 3894 vocat
919 3839 1107 3896 Athenienses
1131 3842 1245 3910 judices

299 3939 300 3948 .
323 3917 530 3973 tristiores,
560 3917 589 3963 et
626 3923 679 3962 ooo
697 3924 746 3975 qur
768 3923 810 3962 em
828 3923 922 3964 sensu.

220 3997 282 4065 ns)
321 3999 443 4064 Gestus,
470 4015 527 4068 quo
545 3998 673 4052 calculos
695 3997 724 4052 in
742 4013 838 4052 urnam
862 3999 985 4068 injicere
1003 4000 1245 4070 solebantarr-

321 4069 359 4125 lis
377 4069 483 4134 tuerit,
515 4067 666 4124 etiannum
683 4076 796 4127 camut
812 4084 850 4126 ex
867 4067 1015 4141 aristoph.
1033 4069 1122 4142 vesp.
1142 4069 1193 4128 Vs.
1211 4072 1245 4126 et
