2652 4688
216 357 376 436 Μ·

217 535 288 598 lum
308 528 674 620 praegressum-luerit,
701 525 838 606 refert.)
858 562 901 579 -
947 526 1038 590 Eben
1066 524 1125 589 dat
1152 525 1247 591 batte

216 619 396 698 Aeschylus
417 615 494 678 sehr
513 615 605 679 wohl
627 631 799 699 ermogen,
832 613 883 685 als
902 629 941 673 er
960 613 1024 672 mit
1052 609 1246 696 ginalicher

216 701 499 785 Versohweigung
527 696 583 760 des
613 697 756 759 Namens
774 691 955 775 ιΕῠμενΙδεςῑ
981 715 1046 757 nur
1077 694 1130 757 die
1150 695 1246 758 Sem-

217 803 283 849 neu
309 789 345 846 in
366 786 472 844 Athen
500 783 594 843 Plato
619 781 758 842 nehmen
785 783 890 842 liesca
942 779 1007 842 Sed
1030 781 1112 840 haec
1131 780 1244 842 hacte-

217 888 297 942 nuss
337 868 446 929 omnia
474 867 562 927 enim
591 865 747 942 exhibere
773 865 964 952 singulatim
993 872 1027 926 et
1058 866 1154 948 piget
1181 883 1240 928 uec

217 951 396 1037 quidquam
417 951 545 1013 attinet.
566 985 608 998 -

289 1037 364 1110 ‚His
386 1036 490 1120 igitur
504 1033 705 1118 argumentis
720 1041 770 1093 tot
789 1032 954 1113 tantisque
967 1029 1125 1096 adversus
1147 1031 1237 1096 iidem

218 1120 315 1204 atque
335 1119 566 1181 auctoritatem
594 1118 882 1202 grammaticorum
914 1117 1046 1198 ejusque
1067 1120 1243 1180 veritatem

217 1205 376 1281 rationis,
414 1199 590 1266 secuudum
612 1219 708 1282 quam
730 1200 938 1261 Hermanuus
966 1199 1161 1262 testimonio
1191 1221 1245 1263 eo-

217 1307 293 1352 rum
314 1285 356 1350 ad
377 1288 526 1347 lacunam
548 1279 740 1366 explendam
761 1281 919 1344 utendum
940 1303 1010 1345 esse
1035 1286 1245 1372 significave-

172 1387 174 1396 ‘
217 1382 288 1451 rat,
324 1371 464 1454 prolatis
492 1371 566 1448 quis
598 1387 663 1430 nou
694 1373 887 1431 moveatur?
946 1368 991 1428 At
1025 1389 1107 1431 vero
1135 1373 1247 1452 specie

216 1467 345 1519 tanmm
367 1454 470 1514 multa
490 1462 567 1515 sunt
588 1461 621 1514 et
641 1454 752 1552 magni
773 1453 948 1528 momenti,
972 1469 1073 1533 quae,
1095 1455 1123 1515 si
1148 1471 1246 1516 aecu-

217 1542 324 1602 ratius
345 1555 504 1621 perpensa
531 1538 673 1613 fuerint,
700 1555 735 1596 m
757 1555 860 1617 pauca
881 1535 1039 1618 quaedam
1061 1538 1173 1619 capite
1196 1559 1247 1600 re-

218 1623 290 1726 digi
310 1624 437 1705 possint
458 1631 494 1683 et
511 1618 649 1684 subinde
669 1618 711 1680 ad
731 1620 873 1680 nibilum
898 1619 991 1681 facili
1013 1639 1125 1702 opera.
1172 1623 1246 1684 Duo

153 1721 158 1738 ⁸
218 1727 307 1772 enim
327 1706 468 1768 maxime
493 1713 585 1780 suut,
620 1701 738 1786 quibus
759 1705 921 1765 sententia
947 1705 1070 1765 nititur
1092 1703 1247 1768 adversa·

217 1795 364 1869 riorum,
386 1792 541 1852 alterum:
569 1790 696 1863 locum,
718 1787 778 1848 ubi
798 1805 853 1865 ea,
875 1805 998 1869 quasa
1020 1791 1246 1873 grammaticis

218 1879 438 1952 scismatum·
459 1875 565 1956 posita
598 1874 741 1950 luerint,
776 1872 854 1932 aliis
881 1891 921 1934 ex
950 1871 1087 1933 indiciis
1118 1875 1248 1934 nullum

218 1975 393 2043 apparere,
423 1959 560 2018 minime
579 1975 658 2018 vero
690 1955 784 2016 illum
805 1973 873 2017 esse
898 1973 1009 2038 posse,
1041 1969 1141 2038 quem
1163 1957 1248 2018 Her·

217 2061 355 2105 mannus
381 2041 479 2113 velim
511 2042 668 2101 alterum:
695 2041 920 2101 testimonium
952 2043 1249 2127 grammaticorum

218 2127 400 2208 suspicioni
422 2125 599 2184 obnoxium
620 2141 706 2200 esse,
738 2141 812 2183 cum
835 2125 969 2205 omnino
991 2133 1133 2207 propter
1157 2129 1248 2186 iniir·

217 2227 305 2271 mam
327 2208 556 2270 auctoritatem
578 2211 709 2268 testium
732 2210 897 2290 ipsorum,
924 2217 995 2270 tum
1017 2209 1061 2270 ob
1081 2209 1136 2288 id,
1161 2208 1248 2294 quod

218 2292 368 2369 tradant,
401 2300 434 2354 et
453 2292 519 2353 hoc
539 2289 669 2374 quidem
692 2294 813 2373 partim
837 2289 929 2368 ideo,
963 2291 1109 2375 quadiu
1136 2305 1250 2356 nostra

216 2376 453 2440 Eumenidibus
476 2395 559 2438 -non
599 2377 695 2450 insit,
732 2377 854 2458 partim
885 2379 961 2458 quia
995 2397 1036 2439 ne
1069 2380 1250 2460 probabile

163 2461 167 2473 “
218 2460 351 2545 quidem
376 2465 439 2538 sit,
472 2461 538 2522 tale
559 2457 639 2542 quid
671 2464 706 2520 in
727 2480 764 2522 ea
787 2459 910 2520 dictum
938 2464 1048 2522 fuisse.
1077 2473 1079 2478 ·
1113 2462 1167 2523 Ex
1199 2465 1250 2524 his
1313 2471 1314 2474 ’

217 2550 342 2629 prioris
364 2548 456 2607 illius
476 2546 643 2626 posterior
663 2565 740 2626 pars
760 2552 794 2606 et
820 2547 1016 2624 posterioris
1045 2547 1147 2627 prior
1169 2547 1252 2630 quid

217 2632 347 2707 valeat,
387 2629 549 2710 siquidem
585 2627 627 2690 ds
660 2630 775 2689 lacuna
811 2631 849 2688 in
877 2637 1042 2709 postrema
1070 2629 1254 2694 Minervae

140 2787 142 2792 Ι
219 2715 371 2776 oratione
406 2719 550 2788 constat,
595 2714 702 2794 quivis
741 2715 841 2773 sentit
880 2713 933 2776 vel
972 2726 1039 2774 non
1087 2716 1251 2776 monitus.

162 2860 165 2867 ,
218 2799 322 2878 Quam
345 2815 437 2873 uam,
475 2795 604 2857 etiamsi
629 2798 689 2857 illa
710 2813 763 2858 res
783 2796 890 2858 minus
912 2805 1001 2858 certa
1024 2807 1128 2874 esset,
1158 2803 1254 2860 viro-

218 2897 293 2943 rum
321 2815 492 2940 doctorum
526 2881 698 2962 opiniones
727 2889 825 2962 atque
854 2883 1061 2962 conjecturae
1092 2882 1135 2944 de
1163 2884 1253 2944 locis

241 2965 507 3024 rammatieorum
536 2965 686 3044 prolatae
705 2963 757 3027 vel
786 2983 900 3046 perse
929 2967 1065 3026 minime
1087 2987 1161 3027 eam
1196 2969 1255 3028 ba-

217 2984 300 3110 bent
314 3058 371 3108 aut
394 3048 637 3131 probabilitatis
652 3049 793 3131 speeiem
806 3057 869 3120 aut,
887 3051 1057 3110 facilitatis
1079 3069 1257 3112 commen-

218 3129 403 3210 dationem,
440 3151 522 3214 quae
543 3141 638 3192 oauto
660 3131 791 3214 quidem
821 3133 939 3193 harum
960 3151 1070 3194 rerum
1094 3138 1258 3196 aestima-

217 3216 286 3286 tori
314 3217 501 3277 satisfacere
529 3217 642 3298 possit.
700 3217 789 3298 Quae
811 3225 985 3299 supersunt
1004 3250 1046 3264 -·-
1069 3235 1175 3299 eaque
1201 3239 1258 3279 ar·

217 3308 373 3386 gumenta
399 3301 503 3386 magis
535 3302 665 3360 interna
693 3300 815 3360 dixeris
838 3333 879 3347 —-
900 3303 928 3361 si
958 3301 998 3361 ab
1025 3321 1065 3362 eo
1088 3300 1259 3365 discesse-

216 3385 282 3460 ris,
315 3383 403 3464 quod
436 3401 455 3443 a
482 3383 665 3443 Frltzschio
693 3393 726 3444 et
753 3381 918 3446 Muellero
948 3385 1094 3465 positum
1125 3395 1180 3447 est
1217 3387 1261 3448 de

217 3468 309 3547 loco,
344 3487 438 3548 quem
460 3467 668 3528 Hermannus
690 3469 742 3528 illi
763 3469 1053 3553 grammaticorum
1075 3479 1180 3530 notae
1207 3489 1262 3532 as-

217 3552 399 3636 signaverit
426 3553 462 3612 iu
491 3551 600 3612 fabula
621 3553 819 3632 Aeschyleo,
850 3555 1002 3634 proiecto
1029 3568 1096 3614 non
1132 3553 1261 3630 video,

217 3631 382 3718 quomodo
408 3636 513 3695 ullum
542 3643 600 3696 aut
626 3636 734 3697 locum
763 3635 883 3697 babere
910 3643 967 3698 aut
993 3637 1060 3698 vim
1092 3653 1265 3700 exercere

217 3721 363 3802 possint,
393 3720 422 3779 si
442 3720 495 3781 vel
516 3720 622 3780 solum
644 3719 729 3780 illud
752 3722 968 3800 concesseris,
993 3721 1131 3781 titulum
1153 3723 1267 3784 tabu.

215 3803 269 3865 lae
299 3803 477 3890 genuinum
506 3821 581 3864 esse.
634 3802 676 3864 Et
704 3803 766 3865 boc
793 3803 925 3886 quidem
955 3803 1088 3864 nomine
1117 3812 1266 3868 tautum

217 3885 324 3965 abest,
344 3894 383 3947 ut
404 3893 520 3964 notare
539 3888 640 3949 velim
660 3887 878 3963 Muellerum,
901 3885 996 3967 hujus
1017 3890 1268 3952 sinceritatem

217 3971 255 4031 in
286 3969 421 4032 dubium
454 3977 644 4048 vocantem,
685 3981 723 4032 ut
756 3970 975 4033 Fritaschium
1009 3973 1133 4048 mirer,
1184 3975 1268 4056 qui,

217 4069 319 4134 quum
339 4054 531 4136 ceteroquin
552 4052 687 4119 eandem
716 4059 787 4119 iesu
817 4057 1015 4138 profiteatur
1035 4059 1268 4135 sententium,
