2728 4690
7 1707 8 1714 ’
119 1692 255 1755 suntab
276 1693 521 1776 interpretibus.
566 1691 655 1753 Olim
676 1693 711 1752 in

950 310 1243 443 Ιτιν’

119 527 219 605 nco,
253 529 388 589 etcum
416 521 482 585 hoo
507 523 580 584 ιιίαο
609 507 698 584 dono
724 511 847 584 moin
873 540 993 611 genere
1018 540 1135 586 conre-

118 613 232 689 nlnnt,
262 610 305 670 iis
333 627 374 670 ex
401 606 513 682 rebus,
546 623 683 686 quarum
708 625 806 686 penes
826 617 859 668 te
881 607 1054 671 arbitrium
1076 607 1135 668 est

118 693 184 756 Sed
214 691 319 755 dictio
347 685 513 752 ἐπίσκοπόν
540 711 621 760 τινος
646 689 798 751 universe
817 692 847 751 si
892 691 999 753 ificatr
1031 686 1137 772 qnod

119 785 284 866 spectat
304 773 353 835 nd
371 769 559 854 aliquid,
579 771 718 852 ideoque
740 780 809 834 tam
829 709 913 834 idid
933 774 1044 838 valere
1058 777 1143 856 ’ροί-Ι
1163 769 1165 776 ’

119 869 185 937 est,
207 857 299 943 quod,
315 857 514 920 Fritascbins
534 856 624 932 vult,
646 874 743 936 quam
763 854 816 933 id,
837 856 926 938 qnod
941 856 1136 921 Scbnstoins

118 953 153 1007 et
172 944 375 1020 Muellerus,
406 939 540 1002 etiamsi,
563 939 660 1020 prior
687 940 752 1000 ists
778 948 921 1020 moestas
947 943 1059 1024 aptior
1085 942 1141 1004 τί·Ι

119 1027 250 1090 deatur'
263 1027 300 1086 in
327 1026 401 1085 loco
427 1019 631 1103 Sophocleo,
662 1021 712 1100 Aj.
742 1020 799 1085 Vs.
822 1025 893 1088 976.
954 1023 1028 1086 ann
1055 1044 1137 1090 vero

119 1131 186 1172 non
216 1128 297 1191 opus
329 1116 398 1182 est,
432 1115 471 1168 ut
495 1105 630 1170 verbum
658 1104 726 1180 νίκη
758 1102 801 1167 de
817 1107 959 1169 victoria
986 1109 1022 1168 in
1047 1108 1136 1171 bello

119 1201 287 1276 reportata
315 1189 538 1275 intelligatur,
572 1195 605 1251 et
637 1190 747 1252 versui
772 1189 834 1256 863
866 1189 946 1252 hne'c
977 1193 1142 1256 sententis

119 1279 249 1340 subesse
268 1281 392 1358 potest:
413 1281 451 1334 tu
471 1281 590 1354 exopta
610 1271 689 1332 hnic
709 1280 838 1349 terrac,
868 1292 1137 1357 quaeeunque

119 1379 166 1424 eo
187 1365 401 1443 spectant,
431 1367 476 1418 nt
501 1357 607 1417 alias
634 1357 874 1437 praecellat
898 1355 1073 1436 (nimirum
1091 1359 1136 1420 iis

119 1443 230 1520 bonis,
272 1460 354 1526 qnae
381 1449 418 1502 tu
446 1439 638 1523 procurabis
666 1457 812 1522 quaeque
833 1437 985 1522 deinceps
1007 1435 1144 1506 ennius&

119 1537 259 1589 rantur.
288 1549 291 1556 ¹
710 1573 714 1580 .
1128 1574 1131 1586 .
1233 1569 1238 1583 .

201 1526 291 1690 Qdae
330 1605 449 1672 deinde
483 1616 683 1690 sequuntur,
724 1607 824 1753 vulpp
858 1609 942 1670 male
970 1611 1139 1674 intellecta

732 1694 788 1772 qui
811 1690 925 1755 nedem
938 1691 1143 1758 editionibus

119 1778 396 1859 interpunctionis
433 1777 563 1860 signum
607 1776 791 1858 ponebatur
829 1783 904 1859 post
942 1777 1143 1844 vocabulum

120 1857 262 1940 ἀήματα,
302 1861 384 1936 ism,
414 1865 592 1940 praeeunte
613 1857 822 1936 Hermanno,
854 1869 1014 1922 commate
1033 1858 1140 1922 incidi

120 1946 205 2008 solet
224 1952 299 2026 post
320 1939 454 2025 οὐρανοῦ
473 1963 514 2003 τε.
569 1940 744 2004 Schuetaio
766 1940 798 2018 ἐξ
821 1937 953 2024 οὐρανοῦ
972 1945 1144 2024 pertinere

119 2026 294 2090 ridebatur
313 2025 355 2086 ad
375 2026 562 2112 fulgura,
584 2026 643 2087 sed
659 2043 775 2106 perum
790 2026 953 2104 intellim,
979 2025 1060 2122 quid
1081 2027 1141 2102 hur,

119 2129 194 2172 rum
214 2111 279 2172 sibi
299 2109 382 2173 velit
401 2109 465 2170 hoc
485 2109 561 2170 loco
577 2111 855 2172 commemoratio.
928 2117 998 2173 ecte
1010 2109 1140 2174 Wala-

119 2192 239 2256 ileldus
265 2193 541 2274 interpunctionis
574 2194 703 2279 signum
734 2189 785 2252 ad·
809 2189 927 2272 ἀνίμων
956 2195 1142 2270 transtulit,

118 2271 1141 2424 titiittbttittttttzbitt'ltitt{tulit

119 2440 234 2505 addita
252 2450 329 2503 suut
347 2379 464 2505 uldrbar
492 2437 612 2521 καρπόν
631 2462 662 2501 τε
681 2439 773 2521 γαίας
793 2471 833 2488 --
854 2437 976 2522 χρόνῳ,
998 2381 1140 2526 quittpex

144 2534 214 2586 arte
238 2525 325 2586 nihil
356 2520 448 2586 alind
479 2525 666 2600 continent,
707 2533 805 2605 qn'am
834 2522 922 2604 quod
947 2525 1013 2601 iam
1043 2533 1142 2591 antea

119 2545 283 2671 dictione:
305 2607 359 2670 ναί
377 2607 472 2668 ταῦτα
492 2608 588 2687 γῆθεν
607 2605 827 2693 significatum
848 2614 928 2684 erat.
969 2605 1141 2670 Nimirum

119 2692 218 2754 facile
245 2699 399 2772 apparet,
431 2692 540 2751 omnia
567 2691 685 2768 verba,
718 2707 800 2770 quae
828 2690 985 2776 leguntur
1011 2689 1089 2754 inde
1119 2711 1147 2757 e·

119 2793 200 2839 voce
222 2771 343 2854 ἀήματα
369 2783 474 2856 usqne
492 2771 535 2834 ad
554 2769 672 2855 χρόνῳ,
701 2791 762 2916 per
782 2774 975 2860 epexegesin
996 2774 1147 2854 subjecte

120 2877 189 2922 esse
221 2855 509 2940 praecedentibus,
549 2866 584 2920 et
621 2875 702 2919 vocs
725 2855 782 2918 ula
814 2858 869 2918 καί
904 2857 966 2918 τοῖν
994 2859 1140 2940 βροτείων

121 2939 300 3025 σπερμάτων
328 2940 480 3046 σωτηρίαν
509 2937 673 3026 jungenda
703 2957 778 3002 cnm
807 2941 1050 3022 superioribusr
1077 2943 1141 3012 ,καί
1184 2967 1187 2976 ·

118 3026 215 3088 ταῦτα
233 3027 329 3106 γῆθεν
348 3022 496 3104 κάνέμων.
549 3021 687 3086 Scilicet
714 3016 753 3084 tol
782 3019 813 3108 ιἔξ
840 3020 975 3106 οὐρανοῦ
1004 3020 1141 3104 κάνέμων

120 3128 278 3193 quaenam
306 3105 522 3212 intelligenda
548 3109 615 3168 sint
642 3107 828 3190 explicatur
853 3106 977 3170 verbis:
1018 3105 1141 3190 ἀήματα

120 3189 247 3268 εὐηλίως
274 3187 389 3254 πνέοντ’
421 3190 596 3273 επιστείχειν
621 3187 743 3274 pitina,
786 3194 847 3254 cfr.
876 3190 989 3273 Eurip.
1016 3190 1138 3258 Phoeu.

119 3277 178 3343 Vs.
201 3277 263 3342 675
283 3275 403 3342 Motus
431 3271 589 3346 εὐείλοισιν
617 3273 746 3356 αἰθέρος
773 3273 901 3348 πνοαῖς,
932 3283 967 3336 et
990 3277 1140 3338 versibus

118 3362 183 3427 867
213 3369 247 3423 et
271 3360 334 3426 868
364 3355 404 3420 tol
432 3359 528 3441 γῆθεν
555 3355 589 3420 ε”κ
620 3380 651 3418 τε
677 3356 803 3429 ποντίας·
834 3354 960 3440 δρόσου.
983 3395 1025 3408 -
1065 3357 1140 3422 Jam

118 3463 199 3509 vero
218 3441 348 3528 pridem
365 3441 527 3521 Stanlejus
549 3442 729 3513 intellexit,
751 3459 848 3505 versu
869 3441 931 3507 867
952 3451 1143 3526 corruptam

120 3546 188 3590 esse
208 3547 323 3591 vocem
344 3528 484 3608 βροτῶν,
553 3526 663 3586 oniam
684 3521 725 3586 de
745 3523 933 3588 hominibus
954 3536 1065 3609 postea
1087 3525 1143 3590 de·

119 3630 209 3673 mum
236 3611 359 3673 mentio
383 3611 452 3673 fiat.
531 3609 649 3689 cripsit
675 3609 797 3691 igitur:
828 3610 946 3689 βοτῶν,
976 3611 1143 3670 communi

121 3695 266 3756 omnium
288 3694 519 3756 recentiorum
532 3689 698 3753 editorum
718 3691 844 3775 plausu.
894 3691 934 3753 Et
954 3695 1060 3774 possit
1080 3693 1142 3754 ali·

120 3778 194 3858 quis
225 3773 267 3838 ed
302 3777 387 3838 hanc
419 3772 681 3839 emendationem
708 3774 984 3856 comprobandam
1014 3778 1142 3839 ¹afferre

119 3859 179 3924 Vs.
201 3860 263 3922 9⁰4
283 3880 372 3941 sqq„
399 3861 458 3921 ubi
485 3858 527 3920 de
554 3858 670 3920 ovibus
700 3877 809 3921 sermo
837 3860 898 3934 sit3
934 3867 968 3920 at
995 3858 1142 3939 objicias,

120 3941 180 4004 has
205 3943 371 4025 pertinere
392 3939 434 4004 a'd
458 3936 579 4025 ναρπόν
598 3941 707 4021 μαίας,
736 3950 775 4003 nt
793 3942 954 4006 Horatius
983 3943 1019 4002 in
1040 3961 1140 4022 carm.

119 4039 202 4090 saec.
226 4023 283 4090 Vs.
305 4027 347 4092 29
367 4025 472 4092 dicat:
504 4025 672 4090 fertilis
695 4028 859 4114 frugum
891 4028 1142 4110 pecorisque
