2826 4696
234 325 375 410 cmi

233 497 319 586 tono
350 525 439 580 oum
453 501 641 581 andnam
674 499 859 576 habitandi
878 495 960 574 ‘neo
987 493 1261 595 repudiaturum

234 629 315 684 esse
344 605 500 696 urbem,
531 623 655 700 'quam
693 602 805 676 etiam
837 601 1000 697 Juppiter
1036 597 1261 694 omnipotens

235 709 407 802 Marsque
427 707 617 784 rastellum
636 703 789 778 deorum
810 717 846 776 et
870 699 1017 776 delicias
1042 725 1261 800 graecorum

236 807 432 884 numinum
458 831 540 882 aras
565 817 703 880 tuentes
719 805 903 896 indolens,
929 800 1052 899 primo
1076 803 1157 876 looo
1182 826 1260 898 pra

235 924 362 999 estur,
393 899 434 980 ut
459 905 683 1004 splendidum
705 904 790 980 solis
816 903 932 1000 jubar·
947 901 1077 978 effusas
1100 923 1183 997 opes
1208 901 1261 994 vi·

185 1081 188 1090 t
221 1021 295 1084 'tes
325 1008 432 1082 utiles
464 1033 484 1080 e
511 1023 612 1082 terra
637 1005 780 1080 abunde
815 1003 935 1078 eliciat
967 1007 1049 1094 (str.
1077 1003 1128 1094 l).
1190 1005 1261 1076 De-

111 1129 116 1140 ·
213 1109 331 1192 'inde'
351 1101 446 1184 rs'etat
472 1133 516 1181 ne
548 1107 647 1182 venti
682 1105 874 1180 arboribus
905 1129 1039 1180 noxam
1072 1102 1261 1178 afferentes

126 1207 130 1212 ’
187 1227 190 1232 ’
235 1235 303 1301 eo,
350 1202 443 1305 quud
467 1211 590 1284 oeulos
614 1203 763 1282 illarum
789 1221 960 1298 exurant,
1006 1207 1104 1280 intra
1124 1203 1261 1278 limites

237 1327 365 1386 terrae
390 1311 551 1401 vestiant,
588 1335 678 1384 neve
703 1307 783 1404 quis
806 1307 930 1406 gravis
956 1306 1106 1380 morbus
1131 1305 1261 1381 sterili-

237 1427 350 1489 tatem
386 1409 538 1485 afferens
575 1425 736 1506 atnepos,
778 1424 945 1504 optatque
973 1423 1014 1482 ut
1048 1423 1148 1482 terra
1185 1406 1260 1502 pin·

237 1513 324 1614 guia
346 1505 476 1610 peoora
496 1510 607 1586 simul
626 1536 713 1584 uum
734 1509 867 1605 duplici
888 1509 987 1584 foetu
1012 1510 1148 1582 nutriat
1170 1523 1260 1582 tem·

236 1639 324 1710 pore
356 1629 466 1702 stato,
511 1625 546 1684 et
580 1626 773 1708 proventus
804 1611 919 1685 maris
951 1608 1137 1684 civitatem
1171 1607 1260 1682 disi-

236 1729 312 1790 tem
339 1715 487 1788 reddens
519 1708 619 1787 felici
651 1711 855 1787 inventione
879 1713 1115 1807 impetratum
1142 1709 1259 1784 numi·

236 1837 325 1888 num
352 1815 487 1890 dorsum
513 1813 680 1910 praebeat
697 1809 765 1904 ¹²⁸)
791 1813 947 1904 (antistr.
974 1811 1025 1904 1).
1077 1814 1171 1885 Turn
1192 1813 1259 1884 Fu:

237 1915 315 1990 'riae
333 1915 380 1990 ad
404 1913 569 1988 homines
594 1929 818 1988 transeuntes
842 1927 962 1987 vetant
987 1939 1032 1986 ne
1065 1912 1167 2008 pueri
1198 1921 1259 1984 'an-

235 2031 272 2090 te
308 2019 449 2110 tempus
474 2014 698 2106 moriantur,
742 2030 850 2110 utque
884 2014 1100 2088 amabilibus
1135 2012 1259 2110 puellis
1350 2091 1355 2097 ,

143 2205 145 2212 s
210 2189 213 2198 ,
236 2115 418 2192 connubia
439 2115 532 2188 dent
549 2119 680 2190 Parcas
705 2131 834 2216 rogant
854 2119 934 2204 (atr.
959 2117 1012 2204 2).
1065 2117 1180 2189 Porro
1203 2113 1259 2184 de-

236 2231 433 2314 predantur
463 2240 506 2288 ne
531 2215 678 2290 dissidia
711 2217 870 2291 fremant
895 2218 933 2290 in
960 2215 1125 2305 civitate,
1169 2237 1276 2288 nere

236 2319 354 2415 pulvis
391 2330 571 2392 saturatus
607 2317 779 2415 sanguine
818 2318 957 2393 civium
994 2343 1058 2414 par
1092 2317 1259 2391 furorem

1399 621 1400 658 t

1398 665 1400 720 l

235 2416 385 2497 ultionis
425 2433 636 2492 mutuarum
673 2417 840 2492 caedium
864 2419 1107 2492 ¹calamitates
1140 2416 1259 2516 exigat
1356 2445 1364 2461 =
1398 2511 1399 2518 ἵ

206 2552 209 2560 ·
235 2543 256 2594 a
280 2519 449 2610 civitate,
474 2519 512 2592 in
539 2519 666 2618 gratiis
698 2518 945 2594 retribuendis·
964 2534 999 2592 et
1027 2519 1067 2592 in
1092 2515 1173 2591 odio
1196 2519 1257 2590 has
1346 2567 1348 2570 -

179 2685 182 2694 .
234 2619 351 2796 pendo
379 2636 418 2694 ut
449 2619 547 2694 cives
581 2621 778 2696 concordes
810 2621 883 2712 sint
915 2635 1074 2718 optantes
1099 2620 1254 2712 (antistr.

260 2723 277 2878 -)
336 2820 606 2899 Precationibus
630 2822 742 2897 finitis
759 2823 891 2903 F'uriae
911 2823 1054 2898 civibus
1077 2823 1257 2926 gratulan-⁸

235 2938 297 2998 tur
322 2921 626 3020 praesignificans
649 2924 793 3016 divitias
818 2949 948 3022 eosque
972 2927 1111 3000 salvere
1136 2925 1259 3022 jubent

235 3025 345 3101 simul
372 3023 495 3097 laudes
518 3047 647 3098 eorum
673 3026 917 3122 praedicantes
935 3029 1020 3118 (atr.
1047 3027 1098 3118 3).
1139 3063 1141 3066 ·
1242 3039 1254 3062 '·

334 3125 511 3202 Vicissim
537 3126 725 3218 Minerva,
751 3153 840 3224 quae
865 3127 965 3202 inter·
985 3127 1142 3226 singulas
1167 3141 1258 3203 stro-

232 3281 522 3297 Μ--α-ι

235 3351 296 3423 l‘ld)
327 3354 396 3408 Cir.
413 3355 528 3425 Adnott.
546 3373 573 3424 p.
592 3355 641 3410 175
660 3369 721 3423 sqq.
740 3355 807 3410 coll.
825 3355 861 3408 de
879 3353 1029 3425 postremis
1049 3354 1144 3410 verbis
1162 3355 1258 3427 pm.

281 3446 284 3454 ·
339 3425 383 3476 nd
410 3425 581 3481 locutionem
601 3424 700 3491 inputa
717 3423 790 3478 diras
814 3424 1009 3479 illustrandam
1036 3426 1064 3478 in
1091 3425 1256 3478 sententiani

336 3509 448 3562 eorum,
485 3493 534 3562 qui
560 3491 610 3546 Vs.
632 3497 684 3549 9⁰6
702 3510 764 3562 sqq.
792 3494 827 3568 de
853 3494 1074 3575 argentifodinis
1102 3509 1258 3552 sermonum

335 3575 400 3614 esse
418 3573 535 3633 putant,
563 3562 663 3616 abiens
682 3562 839 3631 disputavit
857 3575 940 3616 etiarn
959 3561 1042 3616 Lud.
1063 3563 1256 3617 Prellerus

334 3630 364 3684 in
383 3631 470 3697 libro,
489 3631 539 3699 qui
558 3633 718 3699 germanice
735 3632 890 3702 inscriptus
906 3641 961 3686 ests
981 3632 1172 3687 »nemereus
1184 3633 1256 3684 Per-

334 3699 696 3823 bd⁰¹¹tdsl⁰³atl⁰‘
709 3701 1055 3825 “iamdiig'laimiii
1073 3701 1257 3824 'illidii

333 3805 471 3891 similiter
489 3786 800 3918 suobintptisi'tpaai
817 3809 928 3904 attonde.
948 3809 1032 3906 sique
1052 3809 1106 3894 boc
1124 3842 1187 3893 loco
1205 3856 1256 3910 ap-

334 3906 479 3976 pellentur
496 3903 572 3974 ydros
588 3922 635 3974 pus
651 3904 844 3972 πλουτόχθων,
871 3908 897 3961 si
917 3907 1135 3964 Hermannus
1160 3924 1256 3963 verum

228 3989 230 3996 ’
334 3971 415 4028 vidit.
458 3976 520 4030 Nos
538 3975 651 4030 iuterim
669 3975 698 4030 in
717 3989 813 4032 nostra
831 3990 987 4046 perstamus
1005 3982 1184 4048 coniectura,
1209 3979 1255 4046 ju·

332 4041 437 4097 dicium
455 4044 581 4100 virorum
599 4043 774 4101 eruditorum
791 4057 1004 4119 exspectantes.
