2652 4688
1030 367 1102 441 tlt

113 543 191 606 vitio
215 558 286 606 erae
308 547 341 604 at
363 559 426 624 pro
446 538 533 622 capel
555 539 780 625 reponendum
803 541 884 622 περί.
945 542 981 604 ln
1005 542 1107 618 libro,¹
1226 599 1229 608 .

114 645 171 709 quo
193 628 349 689 utebatur
369 627 585 703 scholiastes,
629 637 704 710 post
725 625 824 689 verba
847 627 877 687 ci
895 623 953 707 γὰρ
977 629 1106 689 nullum

115 722 180 774 erat
202 713 484 794 interpunctionis
505 715 655 800 riguum,
687 720 725 772 ut
745 711 833 793 apud
855 710 1104 785 Robortellum3

112 799 208 860 verba
230 796 438 880 προςνέναχθο
459 797 558 860 ποιεῖν
585 800 685 879 petiit
706 817 746 858 ex
766 815 864 856 versu
887 800 967 871 1993
1013 797 1105 883 geni-

113 883 212 945 tivum
245 901 354 942 cacum
383 877 528 962 γυναικὸς
557 884 603 944 ita
630 881 829 964 explicavit,
872 890 910 942 nt
942 901 1003 964 pro
1034 880 1106 964 περὶ

111 961 252 1047 γυναικὸς
275 967 418 1046 positum
442 964 568 1027 diceret
596 998 638 1010 —
672 966 771 1047 plana
799 971 837 1022 ut
866 967 1103 1026 erecentiori·

112 1053 166 1111 bns
191 1051 429 1130 interpretibus
454 1047 723 1112 Abresclriue.
756 1079 798 1096 ··-
850 1048 1007 1110 Dubitari
1028 1059 1103 1131 pot-

112 1141 178 1212 est,
222 1143 332 1194 utrum
363 1135 637 1220 interrogationis
667 1136 798 1219 signum
820 1143 894 1213 post
916 1134 945 1192 cl
964 1131 1023 1217 γὰρ
1046 1151 1105 1214 po·

111 1217 247 1278 nendum
271 1220 331 1292 sit,
361 1227 399 1278 ut
421 1215 502 1280 baec
524 1217 628 1279 dictio
652 1238 724 1279 eam
746 1219 814 1280 vim
837 1217 974 1295 lrabeat,
1005 1237 1102 1300 quam

110 1301 193 1384 apud
214 1302 327 1384 Eurip.
352 1300 423 1365 lon.
447 1302 503 1364 Vs.
527 1307 589 1366 210
612 1302 759 1378 Marcu,
798 1297 950 1382 Xenopb.
973 1301 1104 1364 Memo-

109 1387 175 1448 rab.
199 1385 253 1464 11,
282 1391 325 1463 6,
354 1389 430 1450 iet
451 1389 492 1464 3,
526 1388 609 1450 alibi
641 1388 715 1466 (cfr.
747 1388 835 1447 infra
863 1385 975 1448 adnot.
999 1385 1041 1447 ad
1069 1405 1101 1469 p.

110 1473 202 1550 129),
230 1490 272 1531 an
293 1474 412 1536 minus.
461 1472 635 1534 Genitivna
658 1486 750 1532 casus
771 1465 915 1551 γυναικὸς
937 1489 1003 1531 non
1026 1490 1106 1552 pen·

107 1553 163 1618 det
195 1573 237 1618 ex
267 1557 369 1618 verbo
402 1557 642 1638 μητρολοιάς,ιιῐ
667 1555 868 1619 Wellauero
900 1551 1104 1632 cicumeat,

108 1637 163 1702 sed
182 1659 222 1702 ex
243 1641 304 1716 ἰίο,4
321 1659 405 1723 quae
418 1643 538 1723 Apollo
555 1639 729 1702 additurus
744 1642 845 1700 fuisse
858 1637 1021 1724 putaudua
1037 1647 1104 1714 est3

108 1725 136 1784 ie
157 1725 227 1806 ipae
247 1722 290 1784 ad
312 1729 481 1807 sequentia
503 1727 605 1788 verba
625 1733 735 1788 mente
755 1722 956 1805 supplendus
978 1731 1054 1803 eat,¹
1068 1727 1105 1785 in

108 1807 196 1869 bunc
216 1808 372 1871 modum:
397 1810 414 1872 ὁ
438 1807 534 1890 φόνος
554 1806 721 1890 γυναικός,
743 1805 812 1881 ἥτις
834 1805 933 1886 ἄνδρα
953 1809 1103 1894 νοσφίσῃ,

108 1889 273 1974 οὐκᾶνγ.
298 1888 326 1956 ὅ.
352 1887 427 1956 οὔθ.
453 1895 629 1974 φ.,1].ο.ο
660 1891 833 1968 caedes,
858 1909 976 1974 quarn
998 1911 1107 1954 uxor

108 1979 233 2055 fecit,
258 1987 336 2043 cett.
367 2009 410 2026 -ι-
463 1981 541 2044 Irin.
563 1981 605 2041 24
627 1979 650 2043 l.
677 1976 1012 2060 »expellendorum<‹;
1042 1977 1103 2043 lin.

106 2062 231 2144 penult.
252 2064 344 2125 etin
366 2066 426 2141 iic,
457 2083 541 2146 quae
561 2072 765 2144 sequnntur:
799 2058 952 2142 ὀμφαλόν.

64 2143 141 2232 Peg.
164 2149 222 2224 19,
252 2143 295 2207 ad
316 2167 373 2225 ea,
405 2167 489 2229 quae
511 2145 552 2210 de
571 2147 675 2210 verbo
698 2143 850 2222 αὐθέντης
871 2145 955 2206 dixi.
999 2144 1106 2210 Error

107 2239 175 2306 eat,
198 2228 287 2313 qnod
308 2233 448 2308 rettuli,
471 2231 621 2297 scholii
647 2232 749 2294 ollon.
773 2240 807 2293 et
827 2227 941 2312 Eurip.
965 2231 1105 2292 alteram

105 2314 262 2376 vocabuli
288 2325 415 2396 partem
446 2335 466 2376 a
486 2315 590 2379 verbo
618 2315 696 2376 ιε’ναο
723 2315 855 2376 ductam
879 2335 947 2376 esse
977 2323 1104 2393 putare,

105 2415 182 2456 nam
211 2397 249 2457 hi
270 2418 401 2480 quoque
423 2400 588 2483 originem
611 2401 678 2477 ejus
707 2417 748 2460 ex
777 2399 879 2461 verbo
908 2397 986 2457 ἱένοο
1014 2417 1106 2480 repc-

104 2488 190 2540 tunt.
390 2503 397 2518 ·

61 2599 105 2614 —
126 2562 324 2630 adventat.
349 2566 456 2647 Quum
479 2563 648 2631 dicebam:
673 2561 773 2644 »παρ’
803 2561 891 2627 οὐδὲν
918 2561 1109 2646 ἐργάζεσθαί

103 2671 134 2710 τι
166 2647 292 2710 dictum
329 2659 367 2711 ut
403 2643 484 2732 παρ’
518 2647 605 2714 οὐδὲν
635 2649 785 2712 τίθεσθαί
816 2667 894 2726 τοο,
941 2650 1105 2725 nolebam,

104 2734 281 2815 utriusque
304 2733 461 2797 dictionis
480 2733 617 2796 eandem
638 2737 708 2798 vim
730 2754 825 2812 ease,
867 2742 905 2795 ut
925 2733 977 2796 vel
1002 2736 1106 2794 inter-

104 2819 252 2900 pretatio
291 2819 396 2880 letina
425 2817 546 2882 docere
576 2829 695 2902 potest.
770 2819 883 2881 Verbo
916 2815 1107 2901 ἑργάζεοθαο

104 2921 179 2964 eam
199 2903 267 2965 vim
289 2904 513 2981 tribuebam.
537 2923 620 2986 quae
642 2906 747 2992 magia
775 2906 913 2987 propria
934 2911 983 2964 est
1005 2903 1106 2966 verbo

104 2988 292 3068 composito
315 2984 568 3070 ἀπεργάζεσθαι,
613 3009 719 3072 neque
745 2987 783 3049 id
805 2997 949 3065 temere,
993 3007 1107 3069 quam·

103 3089 204 3152 quam
228 3070 315 3151 apud
336 3076 481 3158 tragicos
503 3081 616 3155 poetas
645 3093 723 3136 sane
752 3073 879 3133 nullum
912 3073 1007 3150 hujus
1027 3088 1106 3133 usus

101 3156 291 3237 exemplum
318 3175 540 3240 reppereram.
595 3157 695 3220 Nunc
725 3154 855 3220 demum
888 3158 955 3217 loci
985 3175 1106 3242 magno

102 3258 209 3322 opere
237 3243 357 3302 tentati
385 3261 499 3304 veram
531 3240 794 3304 emendationem
827 3239 993 3303 invenisse
1022 3239 1107 3300 mihi

100 3322 236 3388 videor.
298 3324 459 3388 Mendum
481 3345 548 3388 non
570 3328 606 3387 in
626 3323 772 3411 ἦρκεόω,
815 3325 874 3386 ubi
902 3324 1010 3386 adbuc
1037 3325 1129 3402 ejus-

99 3406 199 3471 aedes
221 3411 472 3492 quaerebatur,·
497 3410 554 3474 aed
576 3411 611 3471 in
631 3408 814 3492 πιστώματα
835 3411 927 3472 latet.
991 3405 1108 3469 Scribe

98 3513 172 3562 una
203 3494 302 3556 litera
336 3504 483 3562 mutatae
524 3494 765 3576 ποστώματο.
830 3495 941 3556 Verba
971 3484 1107 3574 dudpr'

102 3575 202 3656 ἄτιμοι
229 3580 371 3642 fortiore
406 3581 675 3664 interpunctione
704 3599 724 3642 a
756 3579 967 3664 sequentibus
999 3594 1109 3638 secer·

99 3661 214 3724 nenda
240 3673 333 3739 aunt,
375 3662 417 3725 de
438 3685 505 3746 quo
526 3664 594 3730 vid.
615 3664 798 3729 Bernhard.
822 3661 956 3744 Syntax.
981 3683 1013 3744 p.
1034 3660 1108 3724 285.

97 3745 221 3807 Dictio
241 3743 323 3831 παρ’
342 3745 430 3812 οὐδὲν
448 3746 616 3833 ἀρκεῖσθαι
633 3746 744 3836 Ἤρας
763 3753 817 3810 καί
834 3745 915 3821 Διὸς
936 3742 1109 3822 reaccipere

96 3831 292 3916 significat:
315 3855 395 3896 non
418 3837 695 3918 acquiescere
716 3837 762 3894 in
783 3833 870 3897 fide
892 3852 964 3915 per
984 3830 1109 3890 duno·

97 3916 438 3982 nem-etJovem
472 3919 580 3982 data.
646 3921 695 3982 De
727 3937 765 3981 re
794 3920 929 3980 consule
960 3913 1107 3977 Loback.

95 3999 270 4086 Aglaepb.
302 4023 334 4075 p.
358 4007 440 4082 650,
473 4004 655 4088 adnoto).

36 4127 91 4142 -
118 4089 189 4164 50,
222 4085 263 4147 ad
285 4083 343 4152 Va.
365 4093 439 4158 217.
462 4091 568 4172 Quum
591 4087 738 4153 dubitari
759 4088 882 4170 poerit,
918 4103 994 4144 num
1017 4079 1109 4144 utico

859 4221 903 4295 to
