2794 4692
160 443 161 452 .
211 343 329 419 xciv

210 520 311 596 facto
334 516 499 602 Minerva
525 539 743 612 praeconem
772 513 872 611 jubet
897 537 1048 588 munere
1073 512 1177 614 fungi
1202 528 1242 588 et

220 669 518 686 W
556 668 559 680 ι

312 779 387 833 tem,
423 781 440 821 e
465 769 633 836 perantiquo
656 770 740 824 'fonte
766 769 869 822 hausta·
885 766 949 822 sint.
1001 767 1155 820 Minervam
1180 762 1241 822 non'

312 840 402 911 ipsam
418 838 712 905 judicesadducere,
740 839 916 892 Gabellus
943 839 1089 900 sumebat,
1121 836 1170 890 sed
1190 836 1238 890 in-

310 908 393 977 juria.
430 907 489 960 Nec
506 906 597 962 minus
616 907 954 980 improbabileuidetur,
980 908 1054 972 quod
1074 905 1236 974 nuperrime

222 997 226 1022 -·
312 977 516 1033 Muellerus
543 977 651 1031 fusiore
677 977 869 1047 disputatione
896 977 1019 1047 probare
1046 986 1162 1029 conatus
1180 978 1235 1040 est,

312 1048 348 1102 ad
373 1047 489 1100 Eumen.
512 1063 540 1115 p.
560 1051 609 1100 llll
620 1083 629 1111 ,
664 1046 853 1118 Areopagitas
878 1045 908 1098 in
926 1047 1074 1098 orchestra
1091 1043 1144 1096 sub
1162 1044 1236 1114 ipsis

312 1113 486 1187 spectaculis
505 1114 535 1168 iu
552 1115 638 1170 sellis
656 1117 752 1170 sedem
769 1115 894 1186 cepisse.
943 1113 995 1169 Cui
1013 1113 1171 1169 sententiaa
1189 1131 1236 1168 re-

220 1189 225 1194 '
311 1185 475 1268 probandae
494 1183 538 1238 vel
558 1201 593 1239 ca
610 1185 745 1238 sufficere
763 1177 903 1248 arbitr'or,
928 1201 999 1251 quae
1017 1183 1235 1236 Hermannus

242 1269 246 1294 ¹
312 1272 343 1309 sn
365 1269 484 1308 censura
507 1256 595 1323 pros
608 1269 669 1322 sqq.
688 1263 717 1307 et
737 1256 939 1322 pluteorum
958 1252 1123 1322 disputarit.
1159 1251 1237 1306 Quin

259 1383 263 1390 ⁴
294 1325 339 1394 ¹is
357 1323 540 1376 Muellero
559 1337 655 1392 aperte
674 1323 754 1392 plus,
778 1339 859 1391 quarn
877 1321 1016 1386 debebat,
1043 1319 1162 1393 largitus
1174 1334 1237 1390 ¹est,

311 1409 394 1461 quum
414 1407 523 1446 versum
543 1393 592 1445 651
617 1393 651 1445 ad
677 1391 837 1446 universum
862 1391 994 1462 populum
1014 1389 1153 1444 dir'ectum
1172 1407 1236 1444 esse

286 1463 291 1474 ⁸
312 1461 508 1526 concesserit;
535 1461 571 1513 de
589 1477 644 1528 quc
660 1463 716 1527 jalo
736 1462 765 1515 in
782 1462 897 1515 Aduott.
915 1479 943 1531 p.
961 1463 1011 1514 211
1029 1457 1161 1512 monitum
1181 1465 1251 1515 est.'

295 1529 486 1586 ‚consedisse
505 1543 596 1586 autem
612 1531 726 1600 judices
747 1531 776 1583 in
793 1531 930 1600 gradibus
950 1529 1048 1598 templi
1065 1540 1152 1598 putat
1170 1529 1240 1586 (16·Ι

312 1599 456 1666 bellua,
472 1599 504 1651 Ι1.
524 1617 547 1652 c.
575 1617 602 1668 p.
621 1601 690 1664 233,
725 1599 855 1667 quoniam
874 1599 988 1652 scilicet
1005 1594 1078 1650 nihil
1099 1597 1187 1652 luerit
1204 1595 1236 1652 in

312 1670 483 1741 proscenio,
513 1669 589 1736 quod
608 1669 701 1722 sedem
719 1666 903 1739 praebuerit,
933 1679 962 1721 et
982 1669 1117 1734 ejusmodi
1142 1667 1238 1721 sedile

216 1736 219 1743 “
313 1736 517 1809 simplicitati,
551 1737 798 1805 quam2uoiverea
817 1735 971 1806 tragoedia
998 1735 1114 1808 spiret,
1150 1737 1237 1806 pleae

310 1807 471 1865 conveniat.
513 1807 641 1862 Alterum
662 1805 750 1875 magis
768 1808 939 1878 probandum
958 1815 1022 1873 est,
1048 1807 1127 1877 prius
1145 1806 1238 1860 levis·

225 1909 230 1916 ·
311 1877 383 1930 sime
402 1877 526 1938 dictum3
556 1892 606 1929 cur
624 1873 696 1928 ehim
714 1893 897 1930 sumerenon
915 1875 1050 1942 licuerit,
1077 1876 1165 1929 sellas
1184 1875 1235 1928 ad·

311 1953 439 2014 portatas
457 1943 562 1997 luissel
598 1944 787 2000 Scholiastam
804 1956 894 2000 tamen
911 1945 991 1998 aliud
1009 1943 1079 2011 quid
1097 1943 1241 2010 voluisse,
1281 1950 1286 1958 “

312 2013 943 2148 {tillut‘laihaim..lithini
970 2014 1114 2137 ‘alita‘
1131 2013 1237 2136 tibi

312 2153 414 2207 dentes
429 2120 544 2206 ’fabulas
563 2153 716 2222 conspicua
733 2151 822 2208 luisse
839 2169 877 2206 ex
893 2101 1241 2220 Agagemuouislilsbllfi

311 2220 800 2361 tlt²thptlth2lrt.‘3.lb}
818 2221 1241 2348 halbata.hibat}

223 2403 226 2412 ,
310 2359 445 2416 Poliadis
463 2360 693 2418 substitueretur.
729 2360 786 2416 Sed
803 2361 945 2416 mittamus
963 2359 1060 2430 potius
1077 2362 1151 2414 banc
1168 2375 1237 2426 rem,

310 2446 384 2498 quae
402 2431 452 2484 vix
470 2446 589 2498 unquam
608 2430 644 2483 ad
661 2429 800 2498 liquidum
817 2429 938 2501 perduci
956 2428 1091 2500 potuerit
1117 2461 1151 2474 -
1191 2431 1238 2485 De

310 2499 409 2554 habitu
428 2515 481 2553 nec
498 2498 648 2570 praeconis
672 2517 725 2554 nec
743 2499 980 2570 Areopagitarum
1005 2499 1067 2552 ullo
1083 2499 1172 2553 verbo
1191 2497 1239 2553 di·

309 2570 358 2624 xit
378 2569 604 2635 Muellerus,
640 2569 769 2622 nimirum
788 2570 861 2636 quod
881 2584 931 2622 aas
948 2582 1004 2621 non
1022 2584 1087 2622 esse
1103 2569 1240 2640 proprios

309 2650 421 2693 actores
441 2639 582 2691 crederet.
636 2638 826 2708 Areopagitae
843 2638 982 2706 quomodo
999 2635 1097 2693 vestiti
1120 2638 1239 2704 inerint,

311 2705 452 2761 curiosius
468 2723 548 2773 quam
567 2705 688 2772 certius,
724 2708 797 2762 lic'et
818 2723 874 2760 non
894 2718 999 2762 temere
1017 2706 1148 2774 omnino,
1185 2707 1238 2760 de-

311 2776 419 2830 scribit
439 2775 620 2829 Genellus
640 2777 659 2830 l.
671 2794 695 2830 c.
745 2775 771 2828 li
789 2786 820 2831 ut
837 2777 969 2830 baculum
988 2776 1145 2844 gesserint,
1171 2774 1239 2829 heri

310 2855 425 2915 potest,
459 2860 622 2912 quamquam
642 2863 697 2898 non
715 2845 829 2898 memini
845 2847 890 2898 m'e
907 2847 982 2908 hcc,
1019 2847 1093 2912 quod
1110 2842 1238 2911 judicum

212 2955 233 2986 4
309 2915 384 2994 apud
402 2912 593 2968 Athenienses
617 2913 728 2980 insigne
750 2913 841 2968 fuisse
861 2915 933 2968 satis
955 2924 1051 2968 notum
1076 2923 1137 2980 est,
1171 2913 1239 2968 uide

310 2998 353 3038 ers
377 2999 449 3050 quos
483 2982 584 3039 citavit
614 2983 647 3036 G.
674 2983 729 3038 Fr.
758 2984 976 3038 Hermannus
1004 2984 1042 3037 in
1069 2983 1239 3054 compendio

212 3098 217 3108 .
266 3061 270 3070 ’
310 3053 402 3106 doctr.
421 3053 511 3120 antiq.
532 3068 576 3119 gr.
602 3053 625 3118 6.
643 3054 711 3118 131,
738 3054 803 3108 adn.
822 3055 874 3116 16,
901 3051 1085 3123 Areopagitis
1103 3055 1239 3107 tributum

308 3122 459 3193 reperire;
494 3122 545 3176 sed
567 3138 619 3175 nec
631 3119 704 3174 ideo
725 3121 917 3192 improbabile
934 3133 997 3186 est,
1025 3122 1093 3191 quia
1109 3122 1239 3176 seniores

310 3200 386 3246 suot.
430 3191 606 3245 Praeconum
629 3192 683 3256 iam
707 3191 782 3260 apud
801 3192 952 3245 llomerum
979 3191 1093 3314 migne
1109 3202 1156 3246 est
1172 3187 1241 3257 σκῆ-

307 3279 410 3328 πτρον,
439 3259 769 3326 cfr.11.xv111‚505;
796 3260 922 3328 xxm,
939 3263 1015 3327 6675Δ
1065 3262 1091 3314 d.
1110 3261 1159 3327 11,
1177 3261 1239 3316 138.

307 3329 391 3400 Apud
409 3330 584 3400 Aeschylum
604 3345 724 3398 praeco,
760 3330 811 3398 qui
835 3331 866 3384 in
889 3331 1006 3397 fabula,
1041 3329 1089 3385 cui
1107 3331 1143 3384 ab
1162 3331 1240 3398 Aga·

308 3415 454 3452 memnone
472 3415 571 3452 nomeu
589 3396 708 3452 inditum
726 3409 788 3466 est,
815 3399 1005 3470 producitur,
1039 3397 1118 3467 gerit
1136 3413 1242 3453 ramum

308 3467 489 3536 oleaginum,
516 3479 547 3521 ut
563 3467 658 3534 liquet
676 3485 691 3522 e
710 3465 762 3538 γε.
780 3469 850 3535 186,
874 3470 977 3590 prisco
993 3483 1091 3535 more,
1117 3483 1239 3522 ramex

308 3538 364 3592 illo
387 3538 495 3590 demum
517 3538 614 3590 olivae
635 3537 681 3590 vel
705 3553 782 3592 ramo
805 3538 850 3592 vel
895 3539 977 3591 aculo
995 3536 1078 3593 vittis
1096 3539 1238 3593 obvoluto

306 3604 448 3674 originem
466 3605 590 3660 traxisse
608 3617 724 3678 putatur
740 3608 899 3676 caduceus,
934 3607 1016 3662 vittis
1041 3607 1070 3661 in
1088 3616 1241 3678 serpentes

305 3676 439 3742 mutatis,
468 3675 524 3730 vid.
543 3676 744 3744 Boettiger.
762 3677 887 3731 Amalth.
906 3676 940 3730 T.
956 3677 986 3741 1,
1004 3694 1031 3747 ρ.
1043 3678 1102 3731 lut.
1146 3676 1239 3728 Prae-

219 3779 222 3784 ’
304 3743 1242 3884 {lithulphus‘pheltillbxht‘ttl‘fl0:leth

304 3885 383 3939 libro
400 3883 517 3954 saepius
535 3883 642 3950 citato,
668 3885 774 3955 pass,
799 3886 893 3939 adnot
911 3886 936 3938 6.
971 3884 1086 3938 Praeco
1104 3883 1238 3938 scenicus

305 3951 453 4022 quaeritur
480 3955 619 4020 quomodo
637 3954 673 4006 ad
694 3953 819 4008 habitum
838 3953 956 4008 differat
980 3968 999 4007 a
1015 3953 1122 4008 nuncio
1140 3951 1241 4006 sceni-

305 4042 360 4091 co,
386 4022 422 4076 de
440 4039 496 4090 quo
514 4023 603 4078 tradit
619 4023 729 4077 Pollux
746 4024 781 4077 L.
797 4022 850 4087 IV,
878 4023 991 4091 §.1³8,
1020 4033 1049 4077 et
1066 4038 1131 4076 num
1148 4019 1238 4074 omni·

305 4113 343 4150 nc
362 4093 488 4150 diderat.
522 4093 616 4148 Porro
632 4093 676 4158 is,
703 4091 754 4161 qni
771 4092 827 4146 hoc
844 4093 910 4148 locu
929 4092 1116 4163 producitur,
1142 4087 1242 4144 curiae
