2770 4690
229 342 361 420 XXIV·

231 557 524 578 -t--uu-n-nu

335 630 472 700 omnium,
507 643 539 691 ut
557 637 653 694 videre
675 647 720 696 est
737 655 754 696 e
770 639 861 696 schol.
879 637 999 694 Pindar.
1017 637 1052 694 ad
1069 645 1261 705 argumentum
1369 641 1370 664 ³

337 716 447 756 carmm.
464 703 567 775 Pyth,
586 724 667 776 quarn
683 709 795 777 quidem
813 711 910 765 famam
927 723 1018 775 aeque
1037 707 1188 776 ignorabat
1202 709 1262 762 Ae-

336 771 468 840 schylus,
502 774 670 844 videturque
688 795 722 834 ea
739 795 806 833 sane
831 777 1046 844 insequentibus
1064 777 1170 831 demum
1190 787 1261 830 tem-

337 839 457 912 poribus
474 853 538 898 orta
556 861 628 901 esse.
661 846 741 902 Idem
764 847 850 902 etiam
871 846 943 900 alibi
967 855 1046 900 vates
1064 855 1138 907 erat,
1172 844 1262 899 ueluti

338 907 524 978 Amphieleae
542 913 572 967 in
588 915 735 984 Phocide,
761 918 888 971 tradente
906 913 1046 970 Pausania
1064 914 1103 976 X,
1120 915 1216 980 33,,5,
1233 912 1263 966 in
1369 955 1370 960 .

338 977 431 1030 insula
449 976 559 1048 Lesbo,
592 985 668 1054 apud
688 985 829 1051 Thraces,
862 985 898 1038 de
920 1000 976 1051 quo
998 981 1064 1036 uide
1082 982 1183 1047 Eurip.
1202 983 1263 1035 lieo
1369 1042 1370 1054 ¹

339 1046 403 1103 cub.
423 1045 473 1102 Vs.
495 1052 559 1106 1243
579 1051 697 1119 matth„
721 1055 808 1108 Rhes.
826 1052 877 1112 Vs.
893 1055 961 1118 aba,
988 1051 1096 1106 Herod.
1116 1051 1184 1114 vn,
1202 1053 1263 1116 111,
1369 1083 1370 1086 ¹

338 1115 465 1176 Maerob.
485 1117 597 1176 Saturn.
616 1123 640 1189 1,
658 1125 706 1187 18,
724 1140 781 1190 quo
798 1132 928 1194 spectare
946 1137 1097 1189 cognomen
1114 1114 1264 1188 Esissoviedr
1323 1169 1326 1182 ,
1369 1177 1370 1186 ,

337 1183 1138 1330 tilliitdlriliii:{itlttttttr,tt⁰t⁰tlt
1157 1187 1259 1311 ihi?
1369 1201 1370 1284 ἰ

336 1321 422 1374 31-
457 1325 563 1379 Eadem
581 1329 658 1394 lere,
689 1347 760 1395 quae
776 1328 903 1400 Neptuni
922 1340 951 1382 et
967 1327 1092 1390 Bacchi,
1116 1326 1262 1396 Nympha-

337 1405 399 1444 rum
412 1391 527 1463 Corycii
545 1398 620 1452 antri
639 1406 668 1454 et
679 1397 768 1454 Plisti
783 1397 865 1452 fluuii
884 1397 957 1451 ratio
976 1407 1028 1451 est.
1062 1395 1162 1461 ltaque
1179 1410 1262 1462 quum

335 1459 410 1513 haud
430 1460 570 1521 immerito
588 1467 647 1527 diis
665 1467 840 1523 divinatione
858 1463 997 1536 praeditis
1015 1463 1159 1518 accenseri
1178 1479 1262 1534 posse

337 1527 503 1599 videantur,
533 1544 605 1601 tum,
631 1553 693 1591 mea
711 1537 823 1605 quidem
842 1534 999 1601 sententia,
1026 1549 1117 1612 neque
1136 1533 1174 1612 ob
1190 1534 1262 1598 hanc

336 1613 478 1666 caussam,
506 1604 593 1657 solam
611 1616 703 1671 certe,
729 1621 821 1673 neque
839 1604 923 1667 ideo,
945 1601 1020 1670 quod
1039 1601 1068 1654 in
1085 1616 1193 1656 uternra
1211 1602 1263 1654 de-

337 1666 413 1719 lubri
428 1668 529 1739 Pythii
548 1674 726 1740 colebantur,
743 1674 910 1729 invocantur
927 1671 1071 1741 aPythia,
1089 1670 1140 1724 sed
1158 1686 1196 1724 ex
1214 1685 1262 1722 ea·

336 1735 398 1788 deun
417 1737 478 1792 iere
497 1740 606 1796 ratione
624 1745 715 1812 magis
731 1742 869 1814 speciali,
901 1757 957 1808 qua
974 1741 1123 1810 Neptunus
1141 1751 1171 1794 et
1187 1739 1261 1792 Bac-

252 1801 273 1816 ''
338 1805 426 1870 chus,
461 1811 536 1874 quod
555 1811 721 1866 scilicetad
746 1813 816 1866 deos
842 1810 1038 1882 pertinebant,
1073 1809 1261 1888 subquorupt

336 1874 451 1927 numine
469 1875 498 1929 id
518 1890 609 1944 esset,
634 1880 711 1948 quod
727 1880 902 1935 vaticinandi
914 1878 976 1933 rim
994 1878 1132 1932 efiiceret.
1168 1877 1261 1931 Nimis

336 1955 397 1992 rurn
417 1942 558 2000 Castalius
583 1948 645 2003 sire
663 1949 790 2004 Cassotie
814 1948 877 2002 lons
900 1947 930 2002 in
955 1947 1046 2018 ipsum
1073 1945 1171 2016 templi
1188 1945 1261 2000 Dela

335 2007 420 2130 phici
439 2012 553 2082 adytum
570 2026 737 2088 penetrans,
764 2027 857 2074 terrae
874 2015 955 2070 illum
973 2015 1127 2070 anhelitum
1145 2015 1261 2086 prosun-

339 2078 438 2157 ὼε,
465 2095 595 2140 mouente
612 2087 793 2142 Muellero
812 2087 832 2140 1.
851 2103 891 2154 c.,
909 2101 966 2153 quo
985 2084 1111 2155 Pythia,
1129 2082 1262 2138 toramini

337 2148 482 2216 meldens,
519 2155 592 2208 unde
619 2154 673 2209 iile
699 2156 874 2224 emergebat,
909 2154 1005 2209 afflata
1031 2163 1061 2207 et
1079 2152 1109 2207 iu
1134 2153 1260 2207 furorem

334 2225 414 2281 acta,
449 2220 585 2276 vaticinia
602 2225 720 2292 edebat,
755 2235 786 2280 ut
811 2223 898 2278 tradit
915 2224 1035 2295 Pausan.
1054 2223 1093 2287 X,
1112 2223 1156 2291 23,
1173 2225 1198 2280 d.
1231 2222 1261 2275 Is

335 2296 429 2339 autem
447 2305 463 2342 a
486 2307 591 2346 summo
609 2292 768 2360 Parnasso,
804 2294 853 2347 ubi
872 2291 1013 2363 Coryciae
1030 2292 1179 2363 Nymphae
1197 2306 1261 2344 ver-

316 2354 484 2424 sabuntur,
513 2361 670 2430 defluebat,
704 2363 877 2417 iuPlistum
896 2362 1075 2439 decurrebat.
1120 2362 1201 2414 Unde
1220 2361 1261 2414 ia«

334 2433 426 2491 ctum,
462 2435 493 2482 ut
511 2440 540 2485 et
556 2431 671 2486 illarum
688 2433 823 2503 proprius
843 2432 957 2485 habitus
975 2431 1078 2493 tuerit,
1113 2447 1129 2484 a
1147 2445 1261 2496 querum

334 2507 388 2546 una
401 2495 451 2550 *vel
470 2515 569 2554 nomen
593 2502 741 2571 accepisse
764 2501 886 2555 traditur
903 2516 920 2552 a
937 2498 1094 2563 Pausania,
1129 2509 1158 2554 et
1177 2497 1261 2578 simul

332 2561 368 2614 ad
386 2565 488 2644 liujus,
521 2573 602 2636 cujus
622 2570 692 2626 iliae
710 2570 747 2623 ob
765 2571 795 2624 id
820 2570 927 2640 ipsum,
961 2568 1035 2635 quod
1053 2567 1202 2647 Nymphae
1219 2584 1261 2620 rr-

333 2631 393 2684 vulr
412 2644 506 2689 essent
523 2634 553 2691 in
570 2639 694 2693 fluuium>
706 2639 788 2694 illum
806 2636 1000 2703 decurrentis,
1031 2635 1112 2690 filiae
1129 2636 1262 2690 duceban-

334 2707 405 2778 tur,¹
424 2718 505 2768 quam
522 2706 620 2761 lamam
638 2710 729 2763 refert
745 2707 920 2779 Apollonius
938 2704 1031 2760 Rhod.
1051 2705 1089 2772 11,
1106 2709 1173 2772 111,
1192 2721 1261 2772 qua-

333 2781 359 2820 ει
378 2767 513 2828 ditionem
532 2778 679 2846 pertinere
696 2777 785 2831 uisus.
820 2777 925 2831 Educet
944 2775 1048 2844 igitur,
1080 2791 1134 2842 qua
1152 2775 1261 2828 ratione

334 2845 364 2892 et
381 2838 530 2911 Nymphae
544 2845 689 2916 Coryciae
708 2856 737 2900 et
750 2844 863 2900 Plistus
880 2843 984 2899 fluuius
1003 2843 1088 2900 simul
1107 2861 1168 2897 cum
1181 2843 1273 2914 Nep··

333 2912 401 2959 tuno
429 2921 458 2964 et
483 2911 614 2981 Baccho,
652 2925 683 2970 ut
710 2915 813 2983 quibus
840 2914 869 2968 in
896 2928 982 2980 aquea
1008 2913 1207 2968 subterraneas
1233 2919 1262 2964 et

333 2983 430 3030 terrae
455 2982 611 3038 anhelitum
639 2985 799 3038 efficientes
828 2981 977 3052 imperium
1003 2993 1095 3048 esset,
1130 2981 1165 3036 ad
1192 2982 1261 3035 deos

329 3045 478 3112 pertinere
504 3051 645 3119 dixerim,
677 3053 728 3120 qui
756 3051 921 3106 conterrent
946 3052 983 3105 ad
1008 3052 1125 3106 oracula
1142 3049 1260 3104 edenda.
1371 3063 1372 3066 ’

330 3140 363 3151 -
399 3116 535 3185 Denique
563 3120 646 3176 etiarn
671 3121 801 3175 Minerva
829 3121 946 3175 fatidica
973 3132 1051 3187 erat,
1085 3120 1122 3172 de
1149 3133 1203 3187 qua
1229 3134 1262 3171 re

328 3181 377 3236 adi
404 3183 570 3255 Spanhemii
597 3190 691 3244 adnot.
716 3190 751 3242 ad
770 3189 937 3244 Callimachi
960 3191 1064 3259 Hymn.
1090 3187 1118 3242 in
1137 3189 1261 3267 Minery.

327 3248 380 3306 Vs.
398 3253 469 3308 tat:
508 3258 552 3312 Ea
577 3268 667 3314 tamen
694 3274 750 3324 qua
773 3259 808 3313 de
833 3275 932 3313 caussa
958 3258 1085 3328 Delphis
1112 3273 1129 3310 a
1151 3258 1259 3327 Pythia

329 3319 519 3379 vaticinatura
541 3326 671 3382 invocata
691 3327 731 3380 sit
746 3338 774 3382 et
793 3327 884 3396 primo
901 3325 1012 3394 quidem
1027 3328 1093 3382 loce
1111 3338 1176 3397 post
1194 3342 1262 3398 pre·

247 3395 259 3464 J
328 3388 457 3447 cationes
484 3396 518 3448 ad
544 3396 613 3449 deos
638 3396 749 3449 oraculi
776 3396 905 3451 dominos
929 3397 1034 3462 factas,
1066 3396 1185 3466 egregie
1209 3395 1288 3475 do·¹

328 3469 395 3513 cent
413 3462 458 3515 uel
485 3463 547 3518 seia
564 3463 703 3520 Aristidis
723 3467 823 3526 verba,
860 3481 934 3532 quae
956 3466 1089 3532 leguntur
1107 3465 1210 3534 Hymu.
1231 3480 1261 3516 rn

223 3531 225 3540 ’
270 3581 273 3590 ,
326 3525 450 3608 Nilnerv.
470 3549 497 3603 p.
517 3535 551 3588 16
568 3536 613 3588 ed.
633 3534 765 3602 Certen,
800 3534 834 3587 T.
854 3535 882 3600 l,
902 3551 929 3603 p.
949 3537 980 3590 tt
1000 3534 1044 3588 ed.
1062 3534 1163 3588 labb:
1199 3527 1262 3585 ddi

333 3594 470 3652 Απόλλων
494 3600 561 3655 τῶν
585 3598 691 3657 nivosi
716 3600 936 3671 reprendatis
960 3600 1062 3669 rndrpv
1086 3596 1261 3670 mentioni·

327 3681 427 3733 voro,
448 3667 682 3741 autmondistat
698 3669 835 3735 ἐπέταξεν.
854 3703 887 3720 -··
930 3671 992 3726 Jam
1010 3688 1079 3728 uero
1097 3671 1132 3724 de
1153 3669 1265 3724 Latona

327 3748 411 3800 quum
430 3739 542 3794 omnino
560 3740 635 3795 nihil
654 3741 770 3796 habeam
788 3741 899 3810 dicere,
919 3741 1032 3796 Dianae
1051 3739 1265 3819 Muellerus
1307 3810 1310 3816 1

326 3801 442 3868 quidem
468 3808 579 3864 Hister.
606 3810 758 3864 Doriense-
785 3810 820 3867 T.
837 3809 866 3879 1,
882 3829 910 3880 p.
927 3812 977 3865 311
1009 3816 1091 3881 putat
1116 3815 1202 3862 etrum
1231 3807 1264 3861 id

326 3886 471 3930 commune
495 3879 585 3932 luisse
603 3895 664 3933 cum
681 3877 836 3950 Apolline,
873 3889 904 3934 ut
921 3890 999 3934 vates
1024 3886 1117 3942 esset,
1154 3876 1265 3930 addens

325 3949 434 3996 tamen:
463 3945 603 4014 siquidem
623 3959 703 4002 vetus
721 3949 792 4001 fama
811 3949 864 4012 sit,
883 3965 900 4001 e
917 3965 972 4014 qua
990 3945 1133 4016 Sibyllam
1154 3944 1264 4013 egerit,

328 4008 364 4062 de
391 4028 445 4081 qua
469 4015 539 4071 citat
563 4029 673 4087 poetam
697 4017 770 4086 apud
791 4017 928 4071 Clemens.
946 4016 1105 4070 Alexandr.
1127 4014 1265 4070 Stromrn.

328 4076 361 4132 T·
379 4081 409 4148 1,
426 4100 455 4156 p.
472 4087 524 4143 313
549 4086 593 4142 ed.
612 4086 748 4159 Sylburg.
768 4098 796 4141 et
814 4087 935 4142 Pausan.
953 4087 993 4152 X,
1011 4087 1055 4150 ta,
1075 4087 1099 4140 1.
1150 4085 1190 4138 At
1214 4082 1265 4138 his
