2728 4690
245 345 321 428 204

245 523 281 582 in
309 517 411 582 schol⁴
431 518 470 580 A.
500 514 543 578 ud
572 518 685 580 verba:
725 515 851 598 με’γαλαι
878 515 1032 598 φιλότιμοι
1062 515 1277 600 adscriptum

245 613 309 666 cst:
349 606 386 664 αῖ
419 601 596 683 προπομποί
600 649 612 678 ,
650 612 688 664 ut
712 603 827 664 saitem
854 605 1016 664 incertum
1045 604 1108 679 sit,
1154 612 1275 662 utrum

247 688 435 766 Προπομπολ
462 687 499 746 in
528 704 662 747 recensu
683 687 804 770 signati
824 686 891 748 viri
922 685 1137 770 intelligendi
1159 687 1233 746 sint
1257 706 1276 746 c

245 773 406 833 sententia
426 787 556 846 corum,
578 771 635 850 qui
655 767 691 828 id
711 768 906 830 vocabulum
926 769 1125 852 posuerunt,
1157 789 1204 828 an
1225 771 1275 830 fc-

245 857 369 926 rninac;
382 888 422 900 -
442 849 509 928 scd,
526 861 565 915 ut
576 853 639 914 hoc
656 853 795 912 alterum
808 871 922 914 verum
936 855 991 928 sit,
1007 852 1095 912 nihil
1110 849 1273 929 ostendit,

246 940 311 1000 nisi
333 939 405 1013 hoc,
426 937 490 1016 jam
506 939 599 996 iutcr
620 944 746 998 veteres
761 933 916 1016 Aeschyli
936 939 1134 1017 interpretes
1154 937 1272 1014 fuisse,

246 1023 303 1103 qui
324 1021 364 1082 de
384 1040 421 1082 ra
442 1027 599 1084 srrarcnt.
620 1055 662 1066 -—
1123 1055 1124 1060 ι

329 1105 453 1182 Restat,
484 1113 523 1164 ut
543 1104 718 1178 nonnullos
739 1103 909 1184 scrupulos
929 1119 1175 1179 removeamus,
1213 1103 1274 1183 qui

245 1211 287 1253 cx
321 1192 392 1272 ipso
432 1189 576 1248 carmine
616 1195 781 1267 postremo
818 1205 837 1246 a
865 1182 1099 1246 deductoribus
1135 1193 1272 1246 cantato

246 1283 362 1336 contra
390 1279 535 1334 nostram
562 1271 751 1352 opinionem
781 1269 907 1332 movcri
934 1269 1072 1349 possint.
1136 1265 1206 1328 Sed
1234 1267 1273 1328 id

244 1360 433 1440 priusquam
462 1356 535 1433 fiat,
569 1355 757 1416 universum
772 1350 830 1434 'ad
862 1351 992 1435 singula
1023 1350 1127 1414 verba
1154 1352 1273 1432 paullo

245 1443 428 1504 accuratius
456 1439 736 1524 perlustrationis.
789 1437 846 1497 Fst
877 1443 986 1496 auteur
1014 1453 1149 1497 carmon
1183 1433 1272 1496 illud

245 1527 293 1588 sic
315 1525 495 1587 exhibitum
517 1543 536 1583 a
557 1521 777 1584 Wellaucro:

368 1611 452 1671 Βᾶτε
474 1605 570 1686 δόμῳ,
595 1600 721 1685 μεγάλαι
742 1599 895 1683 φιλότιμοι
1143 1624 1212 1685 στρ.
1238 1602 1270 1666 ά.

369 1689 495 1764 Νυκτός
515 1691 638 1764 παῖδες,
661 1685 805 1763 άπαιδες,
827 1683 877 1748 ὑπ’
899 1682 1075 1766 εὐθάφρονι
1096 1691 1221 1767 πομπᾷ.

368 1775 543 1858 Ειῖφαμεῖτε
564 1773 614 1849 δέ,
636 1771 774 1855 χωρῖται.

368 1865 433 1934 Γᾶς
454 1856 513 1922 άπό
535 1855 676 1920 κεύθεσιν
696 1852 862 1936 σῖγυγόοισι,
1144 1854 1211 1921 in.
1234 1855 1267 1920 ά.

370 1948 434 2008 Kc?
453 1943 552 2023 τιμαῖς
573 1943 626 2003 καλ
644 1939 771 2012 θυσίαις
790 1940 985 2022 περίσεπτον,
1008 1937 1086 2024 τάχα
1105 1963 1151 2004 τε.

369 2027 543 2108 Εὐφαμεῖτε
564 2025 596 2086 δὲ
616 2023 773 2102 πανδαμεί.
1202 2095 1211 2110 ·
1333 2093 1334 2096 Ἴ

365 2112 467 2174 Ἴλαοι
487 2111 518 2170 δὲ
538 2109 590 2170 καλ
608 2103 796 2188 εὐθάφρονες
816 2109 856 2188 γᾷ
1133 2129 1205 2190 στρ.
1230 2106 1268 2189 γλ.

371 2191 451 2276 δεῦρ’
473 2192 531 2266 ἴτε,
554 2191 674 2272 σεμναί,
696 2187 872 2274 πυριδάπτῳ

370 2276 504 2358 λάμπαδι
523 2271 713 2358 τερπόμεναι.
757 2272 841 2338 Καθ’
864 2270 935 2338 ὁδόν
956 2269 981 2332 δ

370 2361 530 2436 ὀλολύξατε
549 2363 601 2422 νῦν
622 2359 670 2419 ἐπὶ
690 2358 831 2437 μολπαῖς.

370 2447 508 2512 Σπονδαὶ
528 2442 554 2506 δ
573 2444 604 2516 ἐς
624 2439 657 2504 τδ
679 2443 740 2503 πάν
761 2439 883 2521 ἕνδᾳδες
904 2440 1011 2504 οἵοισιν.
1093 2487 1095 2492 -
1138 2438 1207 2504 οῖντ.
1228 2439 1266 2521 β.

370 2528 533 2602 Παλλάδος
555 2526 675 2608 ἀστοῖσι
697 2528 775 2598 Ζειῖς
793 2524 952 2598 πανόπτας

370 2616 447 2680 οὕτω
467 2609 562 2695 μοῖρά
582 2634 613 2672 τε
634 2610 813 2690 συγκατέβα.

367 2695 551 2770 Ὀλολιλξατι
570 2698 624 2758 νῦν
645 2693 693 2756 ε’πῖ
713 2693 853 2772 μολπαῖς.

295 2795 297 2806 “
326 2785 366 2846 Iu
386 2784 438 2844 his
452 2780 598 2845 versibus
619 2787 709 2861 patet
728 2779 830 2838 multa
851 2775 936 2840 vitia
955 2775 1070 2840 latere.
1113 2776 1270 2841 Pericula
1332 2825 1333 2834 ,

244 2872 394 2934 virorum
415 2863 586 2928 doctorum
613 2871 688 2945 post
707 2860 938 2924 Wellauerum
966 2862 1127 2923 factave!
1153 2864 1270 2926 infeli-

244 2956 297 3016 cia
318 2960 394 3014 suut
411 2951 467 3013 vel
487 2949 602 3011 saltam
623 2947 762 3007 maximo
783 2943 882 3005 dubis
910 2952 1007 3024 atqua
1032 2942 1182 3025 incerta,
1213 2967 1270 3008 ex.

244 3045 339 3121 cepto
359 3055 425 3096 uno
441 3026 658 3105 Boissonadii‚
679 3023 814 3090 tertiu'm
834 3025 993 3091 secundas
1013 3027 1172 3109 strophao
1194 3050 1272 3094 vcr-

243 3141 315 3184 sum
336 3121 384 3182 sic
402 3119 506 3180 scribi
525 3114 683 3194 jubentis:

368 3199 503 3283 λάμπαδι
522 3195 700 3278 τερπόμεναι
720 3192 793 3259 καθ’
815 3192 898 3260 ὁδόν.

245 3287 378 3352 Certum
398 3290 497 3349 etiarn
519 3285 591 3363 βᾶτε
614 3278 712 3361 δόμῳ,
742 3278 829 3360 quod
850 3279 1064 3344 Wcllauarus
1084 3297 1147 3361 pro
1171 3278 1272 3342 codi-

244 3393 318 3436 cum
346 3373 487 3434 lectione
515 3362 580 3448 βότ’
608 3365 641 3425 εἰι
671 3361 770 3444 δόμων
797 3366 944 3445 reposuit
970 3366 1005 3423 in
1032 3363 1142 3443 primo
1171 3367 1271 3446 prio-

244 3459 291 3520 ris
312 3455 465 3536 strophae
485 3469 599 3528 versu,
627 3445 742 3510 itidem
762 3448 907 3530 χωρῖται,
942 3444 1029 3528 quod
1051 3445 1272 3508 Hermannus

243 3543 336 3605 clem.
366 3538 470 3600 doctr.
499 3543 592 3598 metr.
628 3553 660 3615 p.
682 3532 743 3596 435
770 3534 806 3592 iu
836 3540 1000 3614 postremo
1038 3548 1100 3612 pro
1127 3531 1272 3618 vulgato
1331 3537 1332 3580 t

242 3625 376 3710 χωρεῖτε.
425 3621 515 3683 Idem
544 3618 670 3700 primus
699 3633 828 3676 carmen
858 3617 893 3675 in
914 3613 1066 3696 strophas
1085 3620 1188 3694 atque
1210 3633 1275 3675 an-

243 3708 420 3790 tistrophas
448 3704 571 3767 divisit.
633 3697 689 3760 Sic
717 3700 811 3780 prior
837 3697 973 3778 stropha
1000 3691 1127 3758 mendis
1155 3697 1274 3760 libera
1331 3693 1332 3772 ξ

243 3795 359 3858 haberi
389 3796 505 3873 potcst
534 3819 576 3834 -
634 3783 673 3843 Iu
706 3781 911 3862 antistropha
947 3781 1027 3842 libri
1063 3779 1273 3866 porrigunt:

242 3876 397 3960 oiyoyt'occs
417 3873 485 3954 (vel
506 3865 689 3950 οῖγυγλοισιο)
711 3868 763 3928 καὶ
782 3865 904 3945 τιμαῖς,
929 3861 1062 3926 deinde:
1083 3863 1276 3946 περῖοεῖτται

242 3961 331 4044 τύχαι
356 3981 388 4024 τε
408 3958 500 4042 (ch.
522 3955 580 4032 L„
610 3949 700 4016 Med.
721 3944 1217 4036 Ἧσίρ.)οο1περισε’πιρτάχᾳ
1238 3972 1275 4010 τε

241 4044 354 4125 (Βοὴ.)
381 4043 434 4109 vol
460 4038 626 4124 περίσεπτα
653 4031 742 4118 τύχαι
766 4029 1005 4116 τε(6οο1ρ1ι.),
1036 4031 1091 4096 τολ
1121 4028 1276 4117 δομὶραο
