2652 4688
1034 367 1106 442 211

113 544 195 608 vitio
218 560 290 606 assa
311 549 345 605 et
366 559 429 625 pro
449 537 538 623 παρὰ
558 540 784 626 reponendum
807 540 887 623 περί.
948 543 985 604 In
1008 542 1111 618 libro,
1229 601 1233 608 ,
1315 583 1316 590 1

114 646 175 710 quo
196 630 352 690 utebatur
373 628 589 704 scholiastes,
633 637 708 712 post
728 625 828 689 verba
850 628 880 687 τί
898 623 957 708 γὰρ
981 628 1109 689 nullum

115 723 183 776 erat
205 714 488 794 interpunctionis
508 716 637 800 signum
648 759 658 793 ,
690 721 729 773 ut
748 712 836 793 apud
859 710 1108 785 Robortellum3

111 799 211 861 verbs
234 797 442 881 apameiaptta
462 798 562 861 ποιεῖν
590 800 689 878 petiit
709 817 750 858 cx
770 816 866 857 versu
891 800 971 871 1993
1017 797 1109 883 geni-

113 884 216 945 tivum
248 901 358 943 casum
386 878 531 963 γυναιιτός
561 884 606 945 ita
634 882 834 964 explicavit,
875 891 914 942 nt
945 901 1007 964 pro
1038 881 1110 965 napi

112 961 256 1048 γυναικὸς
278 968 421 1047 positum
444 965 572 1028 diceret
600 999 641 1012 —
675 967 774 1049 plane
802 973 840 1023 ut
870 968 1107 1027 crecentiori-

112 1053 169 1112 bus
194 1051 432 1131 interpretibus
457 1048 727 1113 Abrescbius.
759 1080 802 1097 ··-
854 1049 1011 1110 Dubitari
1033 1059 1106 1133 pot-

4 1189 5 1204 ,
113 1143 182 1212 est,
226 1144 336 1196 utrum
367 1136 641 1221 interrogationis
671 1137 802 1219 signum
824 1144 898 1214 post
919 1134 949 1193 sl
967 1131 1026 1217 γὰρ
1050 1152 1109 1215 po·

4 1267 5 1292 p
111 1217 251 1278 nandum
275 1221 336 1294 sit,
365 1228 402 1280 ut
425 1217 506 1282 haec
527 1218 632 1279 dictio
656 1239 728 1280 cam
749 1219 818 1281 vim
840 1219 978 1295 babeat,
1008 1238 1106 1299 quam

4 1295 5 1303 ’
111 1301 197 1385 apud
218 1303 331 1384 Eurip.
355 1301 427 1364 lon.
451 1303 507 1364 Vs.
530 1308 593 1367 210
616 1303 763 1378 Marah„
802 1298 953 1383 Xenopls.
976 1301 1108 1364 Mamo-

110 1388 179 1448 rab.
202 1386 257 1465 11,
285 1392 329 1464 6,
357 1391 434 1452 tat
454 1391 496 1464 3,
530 1389 613 1450 alibi
644 1388 719 1467 (cir.
751 1389 839 1447 inira
867 1384 978 1448 adnot.
1002 1386 1045 1447 ad
1072 1406 1105 1469 p.

112 1474 205 1551 129),
234 1491 276 1532 an
296 1475 416 1537 minus.
464 1473 639 1535 Genitivus
661 1487 754 1533 casus
774 1467 919 1551 γυναικός
940 1490 1007 1530 non
1030 1490 1109 1552 pen-

4 1619 6 1634 ,
108 1554 166 1620 det
190 1573 241 1618 ex
270 1558 373 1618 verbo
405 1558 646 1638 μητραλοίας,ο1
671 1556 872 1620 Wellanero
904 1551 1026 1616 visum
1047 1563 1108 1633 est,

4 1643 5 1654 ¹
109 1637 166 1702 scd
186 1660 226 1702 ex
247 1641 301 1716 iis,
325 1661 409 1723 quae
421 1644 542 1724 Apollo
559 1639 732 1702 additurus
747 1643 849 1701 fuisse
861 1638 1025 1724 putandus
1040 1649 1107 1714 σοις

109 1726 138 1785 is
159 1726 230 1808 ipse
251 1723 294 1785 ad
315 1730 485 1809 sequentia
506 1725 609 1789 verba
629 1734 738 1788 mente
757 1722 960 1806 supplendus
982 1730 1057 1803 est‚·
1072 1727 1109 1785 in

4 1853 7 1872 ,
110 1809 199 1870 bunc
219 1809 376 1871 modumt
401 1811 417 1873 ὁ
441 1808 538 1891 φόνος
558 1806 725 1891 γσσαιιιός,
747 1806 815 1882 ἥτις
837 1805 936 1887 ἄνδρα
956 1810 1107 1894 νοσφίσῃ,

110 1889 167 1956 οὐκ
189 1893 227 1955 cio
246 1916 276 1975 y.
301 1889 329 1956 ὅ.
355 1889 431 1957 osio.
456 1920 513 1975 p,
536 1895 633 1958 b.e.=
663 1892 837 1968 caedas,
862 1911 980 1975 quam
1001 1912 1110 1955 nxor

110 1979 237 2056 fecit,
261 1987 340 2043 cett.
371 2010 414 2027 -
467 1981 545 2045 Lin.
566 1981 609 2042 24
632 1980 653 2044 l.
681 1975 1015 2061 >›expallandorum«;
1046 1978 1107 2044 lin.

108 2062 234 2145 penult.
257 2065 347 2126 etin
369 2067 429 2142 iis,
461 2083 545 2147 quaa
565 2072 768 2144 sequuntur=
803 2058 955 2143 ὀμφαλόν.

66 2143 144 2233 Peg.
167 2150 225 2225 49,
255 2144 299 2207 ad
320 2167 376 2226 ea,
409 2167 493 2230 qnae
514 2147 556 2210 da
574 2148 679 2211 verbo
701 2143 853 2222 αὐθέντης
875 2145 958 2207 dixi.
1003 2145 1109 2209 Error

5 2209 15 2272 ·¹
109 2238 178 2306 est,
202 2229 291 2314 qnod
311 2234 452 2309 rettuli,
474 2233 578 2297 schol.
599 2232 753 2337 Apollon.
777 2241 811 2294 et
831 2228 945 2313 Eurip.
968 2231 1109 2293 alteram

5 2367 7 2378 .
109 2315 265 2377 vocabuli
292 2326 419 2399 partem
450 2336 470 2377 a
489 2316 594 2378 verbo
622 2315 699 2377 ιε’ται
726 2316 858 2377 ductam
882 2335 951 2376 esse
980 2323 1108 2393 putare,

108 2415 186 2457 nam
214 2399 251 2458 hi
273 2419 404 2481 quoqne
427 2401 592 2484 originem
615 2401 682 2478 ejns
710 2418 751 2460 ax
781 2399 883 2460 verbo
911 2397 989 2458 ι’ἐιαι
1017 2418 1110 2481 repc-

107 2488 194 2541 tunt.

7 2600 14 2632 a
63 2601 109 2615 --
130 2563 242 2628 ast.
255 2563 328 2631 tot.
352 2566 460 2648 Quum
482 2564 652 2632 dicebamx
676 2562 777 2645 »παρ’
806 2561 895 2628 οὐδὲν
921 2562 1113 2647 ἐργάζεσθαί

107 2672 138 2710 τι
170 2648 295 2711 dictum
332 2660 371 2712 ut
407 2646 488 2733 παρ’
522 2647 609 2714 οὐδὲν
638 2649 789 2713 τίθεσθαί
820 2669 898 2726 cs«,
945 2650 1108 2726 nolebam,

108 2735 285 2816 utriusque
307 2733 465 2798 dictionis
484 2733 621 2797 eandem
642 2738 711 2799 vim
734 2755 830 2811 csse,
870 2741 909 2795 nt
929 2733 981 2796 vel
1006 2736 1110 2795 intar-

6 2871 13 2902 a
108 2819 256 2900 pretatio
295 2819 400 2881 latina
428 2818 550 2882 docere
580 2829 699 2901 potest.
773 2819 887 2882 Verbo
920 2816 1111 2901 ἐργάζεσθαι

110 2904 270 2966 samaim
292 2904 517 2981 tribuebam,.
540 2924 624 2987 quaa
646 2906 751 2992 magis
778 2906 917 2987 propria
938 2899 987 2965 est
1008 2904 1110 2966 verbo

109 2989 296 3067 composito
319 2985 572 3070 ἀπεργάζεσθαι,
616 3009 722 3073 nequa
750 2988 787 3050 id
809 2998 953 3066 temere,
996 3007 1110 3069 qnam-

108 3089 208 3153 quam
231 3071 319 3152 apud
340 3077 485 3158 tragicos
505 3082 620 3156 poetas
649 3093 727 3136 sane
756 3074 883 3134 nullum
915 3073 1011 3150 hujus
1031 3089 1110 3134 usus

7 3153 13 3182 '
108 3157 295 3238 exemplum
322 3176 544 3241 reppereram.
599 3158 699 3221 Nunc
729 3154 859 3220 demum
891 3158 959 3218 loci
988 3174 1110 3243 magno

109 3258 214 3322 opere
242 3244 360 3303 tentati
388 3262 503 3305 veram
533 3241 798 3304 emendationem
830 3240 997 3303 invenisse
1025 3240 1111 3300 mihi

8 3373 9 3380 ,
107 3322 240 3388 videor.
302 3324 462 3389 Mendnm
485 3346 552 3389 non
574 3329 610 3388 in
630 3323 776 3411 ἠρκέσοι,
819 3325 877 3387 ubi
906 3323 1014 3386 adbuc
1041 3325 1132 3403 ejus

8 3403 10 3438 ⁵
106 3407 203 3472 sedas
224 3412 476 3493 quaerebaturf
500 3411 558 3475 sad
580 3412 615 3472 in
635 3407 817 3493 πιστώματα
838 3412 931 3473 latet.
995 3406 1112 3470 Scribe

106 3514 176 3562 una
207 3495 307 3557 litera
340 3504 487 3563 mutata:
528 3493 769 3576 πιστώματα.
834 3496 946 3557 Verba
975 3485 1112 3577 ἦαάρτ’

110 3575 206 3657 ἄτιμα
233 3580 376 3643 fortiore
410 3582 679 3665 interpunctione
708 3601 727 3643 a
761 3579 970 3665 sequentibus
1004 3595 1113 3639 sacer·

108 3663 219 3724 nenda
244 3673 337 3740 sunt,
379 3662 421 3725 de
442 3686 508 3748 quo
529 3664 598 3729 vid.
619 3664 801 3730 Bernhard.
826 3662 960 3745 Syntax.
986 3683 1017 3744 p.
1038 3661 1111 3725 285.

107 3745 225 3807 Dictio
244 3744 327 3832 παρ’
346 3745 434 3813 οὐδὲν
452 3747 620 3833 ἀρκεῖσθαι
637 3746 748 3836 Ἤρας
766 3754 822 3812 κατ’
838 3745 919 3822 Διὸς
940 3743 1113 3823 πιστώμασι

106 3832 295 3916 significat:
319 3855 400 3897 non
421 3837 699 3919 acquiescere
720 3837 766 3895 in
788 3834 874 3898 fide
895 3853 968 3915 per
988 3831 1112 3891 Juno-

107 3917 442 3984 n·am·atJovem
475 3920 584 3982 data.
650 3921 699 3983 De
731 3937 768 3982 re
798 3921 933 3982 consule
964 3914 1111 3978 Lobeck.

106 3999 274 4087 Aglaepb.
305 4024 338 4076 o.
361 4008 444 4082 650,
477 4005 589 4070 adnot.
612 4007 658 4084 n).

39 4129 103 4146 ..-
128 4089 193 4165 50,
226 4085 268 4148 ad
289 4084 346 4153 Vs.
369 4093 442 4159 217.
465 4091 572 4173 Quum
595 4087 743 4154 dubitari
763 4055 886 4171 possit,
922 4103 998 4145 nnm
1021 4079 1112 4144 utino

863 4221 907 4296 to
