2652 4688
90 525 158 612 Pag.
180 525 239 603 te,
261 522 321 589 Vs.
340 525 403 590 376
424 541 493 605 sqq.

476 645 518 658 -·
537 607 594 687 νῆν
610 605 904 692 ,καταφθατονμενψ

203 693 243 771 η”ν
265 691 334 770 δῆτ’
355 689 496 775 Ἀχαιῶν
518 688 649 770 ἄκτορές
668 714 700 754 τε
720 696 774 756 καὶ
792 692 963 777 πρόμοι..

205 778 325 859 ἔνειμαν
347 774 555 858 αὐτόπρεμνον
576 776 620 848 εἰς
639 772 673 838 τὸ
695 780 757 840 πᾶν
778 778 845 859 ἐμοί
865 803 897 842 η,
916 803 945 840 τ,
967 781 995 840 λ,

124 889 240 949 Libri:
273 881 341 974 τῇν
367 885 707 968 ααταφθατονμένην.
773 887 861 950 Illud
889 889 953 967 jam
981 884 1111 970 pridem

123 974 300 1053 repositum
315 970 356 1034 de
368 972 576 1050 conjectura3
606 970 664 1033 sod
685 993 784 1054 quum
804 971 863 1034 diu
879 971 1111 1049 dubitaverim,
1231 979 1237 994 ·

122 1057 238 1120 vocula
270 1052 344 1131 τήν,
387 1075 470 1137 quae
493 1063 526 1116 et
546 1071 657 1116 ausam
679 1055 772 1119 dedit
793 1055 834 1118 ad
855 1056 992 1120 verbum
1015 1078 1112 1116 κατα-

123 1147 218 1220 pass.
238 1137 483 1223 depravandum
504 1147 537 1202 et
558 1141 629 1202 sine
650 1138 752 1204 dubio
773 1143 852 1204 satis
874 1142 1009 1222 antiqua
1029 1141 1110 1201 scri-

125 1232 221 1306 ptura
248 1236 318 1302 est,
366 1225 464 1296 modo
493 1242 676 1305 pronomen
706 1245 774 1289 esse
805 1243 900 1308 posse
928 1232 1111 1306 reputetur,

123 1317 160 1370 ut
180 1317 345 1388 mutetur,
375 1327 417 1368 an
439 1327 505 1368 non
526 1308 572 1369 sit
592 1311 829 1385 necessarium,
862 1309 927 1370 boo
947 1309 1024 1371 loeo
1044 1326 1112 1370 non

124 1401 232 1470 moso,
271 1393 432 1474 suspicari
455 1411 523 1468 me,
559 1411 654 1473 posse
674 1395 823 1456 fortassis
845 1391 886 1455 de
908 1393 1019 1475 ellipsi
1039 1411 1113 1458 ver-

123 1476 157 1540 bi
179 1479 219 1558 γῆ
240 1478 402 1563 cogitari3
446 1495 641 1558 quamquam
662 1477 698 1536 iu
719 1497 777 1554 re,
818 1498 901 1560 quae
923 1477 1027 1563 magis
1048 1475 1112 1536 mi-

122 1581 222 1626 nusve
244 1581 284 1623 ex
305 1579 402 1623 sensu
423 1557 576 1641 pendet‚-
600 1561 687 1622 nihil
708 1559 859 1627 decerno.
911 1559 1003 1623 *Nota
1024 1567 1111 1637 sunt,
1203 1605 1205 1612 ,

124 1665 206 1728 quae
231 1643 274 1705 ad
305 1643 390 1706 haue
419 1664 488 1710 rem
515 1645 696 1726 spectantia
725 1646 881 1732 leguntur
909 1642 997 1728 apud
1024 1643 1113 1722 Bos,

123 1729 238 1812 Ellips.
260 1749 291 1810 p.
314 1729 355 1793 78
377 1737 410 1788 et
431 1729 514 1806 484,
547 1723 597 1789 ed.
620 1725 772 1803 Sclssef.;
804 1729 970 1808 Elmslej.,
998 1725 1110 1791 adnot.

123 1813 164 1875 ad
174 1813 287 1894 Eurip.
299 1811 433 1876 Heracl.
447 1810 504 1873 Vs.
520 1813 601 1885 1413
631 1811 825 1891 Bernhard,
849 1811 984 1895 Syntex.
999 1832 1030 1893 p.
1041 1812 1112 1887 183.

123 1899 214 1976 cujus
241 1897 409 1959 decretum
460 1893 604 1958 uoddam
636 1900 759 1959 refutat
786 1897 911 1986 Pllugk.
934 1896 1047 1958 adnot.
1070 1893 1113 1956 ad

122 1981 234 2065 Eurip.
258 1982 281 2046 l.
304 1999 355 2055 o.;
398 1917 459 2041 sei
476 1981 628 2061 proxime
648 1978 692 2040 ad
713 1980 808 2061 hujus
830 1983 899 2044 loci
918 1975 1113 2043 similitudi.

122 2083 197 2128 uem
227 2062 407 2138 accedunt,
453 2081 536 2146 quae
568 2066 781 2147 reperiuntur
815 2064 903 2151 apud
932 2063 1125 2147 Lycophr„¹

121 2147 298 2213 Alexandr.
320 2147 377 2209 Vs.
400 2149 463 2212 loe
484 2165 576 2229 sqq-r

198 2255 364 2322 ’Ἅπασα
386 2254 417 2317 δ’
441 2255 515 2338 ἄλγη
539 2255 654 2332 δέξεται
675 2254 873 2342 κωκυμάτων,
940 2327 942 2336 ,

206 2340 305 2416 ὅσην
319 2340 486 2420 ’Ἀραιθος
508 2338 592 2414 ἐντὸς
613 2339 668 2414 ἠδὲ
691 2339 835 2422 dispiceres

204 2421 398 2505 Λειβὴθριον
418 2424 583 2505 σφίγγουσι
602 2423 727 2486 Λατίου
751 2423 855 2489 πύλαι.

120 2534 186 2596 Ubi
199 2541 308 2594 tamen
326 2533 571 2611 Bnohmannus,
593 2535 697 2596 simili
715 2537 855 2599 fortasse
869 2535 1005 2599 licentia
1020 2555 1115 2598 usum

119 2638 190 2680 esse
209 2615 456 2697 Euphorionem
478 2625 616 2696 notans,
652 2619 839 2701 »ellipsis«,
869 2622 1000 2703 inquit,
1038 2617 1116 2680 udu-

120 2704 215 2780 rior,
254 2719 353 2782 quam
374 2721 458 2784 quae
479 2703 514 2763 in
536 2702 632 2764 bonis
653 2703 873 2786 scriptoribus
895 2705 1112 2790 reperiamus

76 2841 120 2856 -
141 2811 206 2886 83,
238 2806 280 2869 ad
308 2809 368 2872 ius.
398 2828 472 2895 pag.
523 2809 572 2870 De
600 2829 660 2886 eo,
699 2830 795 2890 quem
823 2810 988 2889 diximus,
1020 2811 1117 2876 verbi

119 2893 184 2958 θέα
204 2912 287 2969 usu,
327 2892 468 2979 Augusti
493 2889 659 2962 Matthiae
687 2895 747 2955 illa
770 2893 957 2958 admonitus
978 2893 1116 2958 adnota-

119 2981 234 3058 tione,
265 2977 370 3038 fusius
391 2979 460 3064 egit
480 2975 669 3040 Lobeokius
689 2981 829 3064 paralip.
852 3000 903 3068 gr.
926 2979 984 3044 Gr.
1006 2982 1115 3074 publi

121 3085 193 3147 sqq.

75 3175 227 3250 -106,
264 3168 307 3231 ad
337 3171 392 3231 fin.
425 3190 498 3258 pag.
542 3174 634 3259 Lego
663 3174 769 3259 igitur
793 3172 850 3234 Vs.
872 3173 951 3240 4582
994 3168 1114 3236 ἔστιν.

118 3254 187 3320 Sed
209 3255 293 3332 hoc,
324 3263 363 3316 ut
381 3254 448 3317 alia
469 3257 613 3334 similia,
646 3277 729 3340 quae
751 3277 771 3318 a
792 3259 910 3338 quovis
929 3275 998 3320 uuo
1018 3258 1117 3322 tasilo

118 3341 241 3404 sentiri
261 3347 417 3423 possunt,
448 3349 565 3404 notare
585 3343 706 3425 passim
728 3339 981 3422 supersedimus.

72 3451 215 3514 -1ot.
257 3447 316 3512 Vs.
339 3448 402 3511 470
429 3446 563 3510 Ellendt
588 3449 669 3512 Lex.
699 3447 856 3531 Sophocl.
886 3449 964 3512 Vol.
986 3447 1038 3529 11,
1081 3469 1113 3536 p.

117 3531 237 3597 XVIII
257 3527 499 3612 ματροκτόνου
520 3530 731 3596 scribendum
754 3542 873 3599 censet.
1004 3546 1009 3552 '

52 3643 215 3722 2115.
258 3639 298 3702 In
318 3639 429 3702 verbis
450 3638 669 3719 VVellaueri,
706 3661 790 3724 quae
810 3642 1003 3720 attulimus,
1040 3662 1118 3706 oon-

119 3727 210 3788 sulto
238 3744 305 3788 nou
334 3725 532 3788 mutavimus
562 3726 682 3796 falsum
709 3733 880 3789 accentum
908 3728 1003 3792 verbi
1030 3726 1118 3810 adje-

119 3809 207 3872 ctivi
235 3803 404 3884 λεπαϋνός,
444 3809 493 3870 sio
521 3810 610 3872 enim
638 3808 850 3872 scribendum
878 3813 983 3889 foret,
1026 3814 1117 3893 quia,

119 3901 163 3956 ut
183 3891 247 3954 boc
269 3893 344 3954 loeo
365 3893 465 3956 semel
487 3891 655 3970 dieamus,
693 3898 764 3956 fere
784 3894 906 3976 ubique
927 3899 975 3957 ita
994 3896 1119 3958 versati

120 3996 253 4052 sumus,
290 3984 330 4036 ut
354 3979 390 4037 in
422 3978 502 4059 ipsis
524 3977 566 4041 V.
589 3977 632 4042 V.
654 3978 693 4040 D.
717 3978 760 4040 D.
789 3977 902 4042 vorbis
932 3977 1119 4055 afferendis,

120 4061 178 4128 vel
211 4067 344 4144 apertos
373 4081 518 4144 quosque
551 4081 682 4126 errores
720 4064 863 4128 intactos
894 4081 955 4128 uec
988 4070 1120 4128 notatos
