2794 4692
876 391 879 398 ·
986 309 1141 438 nurus

103 535 172 634 qui
192 533 259 608 ‘diu
286 533 476 635 fugentur,
522 534 663 611 incerta
699 534 868 626 evadant,
912 558 1019 638 aegre
1054 539 1140 612 tole-
1192 519 1196 533 ⁸

104 635 268 712 rabilem
291 635 495 733 perniciem
520 636 658 712 adferat
676 633 737 731 ⁷³).
766 637 933 726 (Antistr.
959 639 1014 729 2).
1066 641 1141 713 Ho-

105 737 257 812 minum
284 751 405 812 autem
430 737 736 828 existimationem
770 737 915 812 etiamsi
940 739 1036 812 fastu
1062 763 1142 814 cae-

105 841 189 913 lum
216 838 386 939 attingat,
412 836 494 912 tabe
521 839 563 912 ad
589 853 730 914 terram
754 839 961 935 depressam
986 838 1142 933 absumi,
1224 849 1227 858 '

106 939 141 1014 si
166 938 268 1035 ipsae
293 939 383 1013 atris
408 939 568 1013 vestibus
594 939 738 1026 indutae
761 942 853 1031 (vel:
883 943 1026 1014 malum
1047 941 1143 1015 exci-

107 1042 245 1132 tantes)
268 1039 438 1141 ingruant
457 1055 562 1136 atque
578 1065 706 1114 necem
722 1056 899 1116 struentes
925 1043 1013 1132 (velt
1038 1042 1144 1119 ultio·

107 1167 197 1216 nem
226 1143 401 1238 petentes)
433 1141 623 1216 insiliente..
639 1144 733 1236 (Str.⁴
753 1143 805 1233 3).
868 1144 967 1216 luter
991 1167 1144 1241 peccan-

109 1242 201 1316 dum
225 1267 318 1316 vero
350 1267 436 1315 eum
463 1241 525 1339 qui
560 1244 684 1340 peccet
712 1243 797 1317 hoc·
818 1244 962 1318 nescire
996 1244 1057 1337 (de
1082 1267 1145 1341 po-

108 1344 224 1418 tentia
249 1343 413 1438 ipsarum
441 1358 476 1417 et
510 1341 552 1416 de
577 1345 712 1418 ultione
742 1343 829 1441 ipsis
855 1371 877 1420 a
901 1370 940 1420 se
967 1345 1045 1442 ipso
1071 1346 1144 1419 exi·

110 1445 227 1545 genda
251 1469 322 1518 non
350 1444 539 1545 cogitare).
592 1447 719 1519 'Palem
746 1470 823 1518 esse
848 1446 1044 1546 caliginem
1067 1448 1144 1538 (ca-

110 1545 356 1637 lamitatem),
404 1571 494 1641 quae
522 1545 664 1619 homini
696 1560 844 1642 propter
874 1546 1059 1643 piaculum
1086 1547 1145 1622 ad-

110 1649 237 1741 volet,
288 1661 324 1720 et
360 1645 534 1720 obscuras
569 1647 743 1743 quasdam
785 1647 951 1722 tenebras
993 1647 1146 1744 domum

111 1747 226 1845 ipsius
249 1747 436 1822 involvere
454 1749 618 1840 luctuoso
637 1751 799 1822 clamore
817 1763 944 1823 contra
962 1773 1045 1826 eam
1062 1773 1146 1844 qua-

113 1848 147 1924 si
178 1849 369 1924 advocatas
401 1848 557 1942 (antistr.
580 1850 649 1944 3),
696 1849 761 1924 has
786 1849 885 1923 enim
910 1872 1059 1926 manere
1080 1847 1145 1944 ⁷4).

113 2005 392 2021 μ--η--η

218 2103 251 2160 in
268 2102 361 2159 medio
380 2103 532 2173 relinquo,
550 2113 641 2159 utrum
660 2105 757 2160 verbis
774 2101 837 2159 md
854 2101 928 2159 θεῶν
946 2107 1026 2160 solus
1042 2105 1147 2178 Juppi·

217 2183 265 2230 ter
282 2189 317 2228 uu
334 2191 429 2228 omnes
448 2175 489 2228 dii
514 2173 676 2242 signentur,
710 2191 872 2243 quamquam
899 2175 980 2247 prius
998 2183 1027 2230 et
1044 2177 1081 2229 ob
1100 2191 1148 2229 se·

217 2258 324 2311 quens:
359 2241 426 2299 zade
442 2241 494 2313 γᾰρ
518 2243 705 2298 verisimilius
727 2245 842 2299 videtur
864 2260 917 2298 nec
943 2256 1063 2319 propter
1081 2259 1148 2299 seu·

218 2312 336 2366 tentiam
355 2313 414 2368 loci
434 2313 524 2384 ipsius
543 2312 651 2395 optime
670 2313 742 2367 sarri
760 2331 814 2394 npn
832 2322 937 2438 potest.

140 2381 188 2452 '³'
220 2383 428 2537 ilidii?
446 2393 817 2534 ltzttttutt‘tift't
843 2380 1149 2532 {battuebat

219 2536 636 2656 ttt0f·²,„tt²tl‘zt;ttt
655 2530 784 2661 tttslt
800 2521 1149 2644 ‘ssttltuldttitllt

220 2660 295 2727 tur),
328 2675 490 2736 quamquam
515 2659 612 2713 nescio
630 2663 671 2712 an'
688 2660 776 2713 verbo
799 2655 965 2726 τανῦδρομοι
991 2658 1072 2728 ipsae
1090 2657 1151 2712 Fu·

220 2726 282 2782 riae
299 2727 482 2795 denotentur,
514 2744 586 2796 quae
607 2728 681 2798 apud
700 2727 872 2798 Sophoclem
890 2729 935 2808 Α]
956 2726 1006 2783 Vs.
1023 2729 1073 2783 83⁷
1095 2745 1151 2779 τα-

220 2793 334 2850 vdnodsr
357 2797 493 2862 audiunt,
528 2806 556 2850 et
581 2797 702 2867 proinde
723 2793 843 2865 upulspul
864 2793 937 2849 auia
962 2797 1021 2850 sint
1046 2791 1151 2850 crura
1241 2837 1245 2846 .

221 2865 501 2932 labefactantia,
528 2863 695 2935 τανιῖδρομοι
712 2883 780 2921 vero
799 2877 950 2922 extensu
969 2881 1095 2936 gressu
1113 2880 1151 2919 ac

221 2934 352 3006 rapido
371 2952 474 2990 cursu
495 2937 717 2991 incedentes.

143 3001 190 3070 ld)
224 3001 324 3060 Verba
342 3007 458 3058 Illmwv
475 3001 504 3058 d'
521 3035 555 3045 -
571 3009 646 3075 μένει
670 3001 722 3073 yrip
746 3004 837 3059 adhuc
861 3004 1065 3060 obscurissima
1088 3004 1152 3059 sue·

222 3082 303 3138 runt,
331 3085 360 3128 et
377 3092 429 3146 per
447 3091 478 3129 se
496 3074 571 3144 ipsa,
595 3074 677 3129 etad
696 3073 847 3141 rationem,
881 3091 936 3142 qua
954 3091 1014 3128 cum
1033 3089 1152 3145 praece·

223 3142 359 3197 dentibus
384 3154 413 3198 et
439 3143 626 3210 sequentibus
653 3144 847 3198 cohaererent.
881 3144 942 3199 Nos
968 3147 1024 3209 jam
1045 3143 1074 3198 in
1093 3143 1152 3197 Ad-

222 3221 295 3266 nott.
314 3229 341 3281 p.
353 3215 386 3266 ⁷5
399 3224 426 3268 et
439 3215 471 3267 78
490 3220 547 3265 tum
565 3212 657 3267 conati
675 3229 787 3278 sumus,
804 3212 918 3282 singula
934 3213 1071 3266 nonnulla
1088 3228 1153 3267 ver-

222 3281 261 3335 bu
279 3281 442 3350 explicare,
478 3292 550 3349 tum,
575 3283 731 3337 sententiae
750 3299 806 3351 quo
832 3298 864 3339 se
890 3299 966 3340 nexu
984 3281 1154 3351 exciperent

225 3349 256 3403 in
275 3350 392 3420 stroplra
410 3361 494 3418 atque
512 3350 689 3422 antistropha
708 3351 792 3405 tertia
811 3362 840 3405 et
858 3351 887 3406 in
905 3351 1025 3420 stropho
1043 3361 1153 3419 quarta,

224 3419 355 3473 breviter
372 3420 604 3490 significavimus.
640 3419 736 3473 Hodie'
754 3431 843 3474 tamen
867 3421 971 3490 passim
990 3419 1077 3474 aliter
1094 3431 1154 3474 sta·

225 3489 339 3543 enimus·
375 3489 414 3544 Et
430 3506 531 3543 versus
550 3488 664 3558 quidem
688 3489 850 3544 tesseram
875 3490 1042 3544 sententiam
1067 3488 1155 3560 primi

224 3557 310 3612 uobis
328 3558 457 3613 uidemur
475 3559 528 3624 iis,
548 3575 619 3627 quae
637 3558 772 3628 superius
791 3556 820 3613 in
839 3560 987 3613 verborum
1006 3557 1155 3630 perpetui-

224 3636 283 3681 tate
301 3628 462 3697 posuimus,
494 3627 620 3683 adsecuti
641 3643 713 3680 esse.
759 3628 788 3680 le
808 3630 947 3698 quomodo
965 3645 982 3682 a
999 3628 1157 3682 scuottasu

218 3695 325 3750 'lectus'
338 3696 430 3751 tuisse
448 3696 609 3764 ¹videretur,
628 3695 784 3752 monuimus
804 3697 833 3750 in
851 3697 966 3754 Adnott.
981 3715 1008 3767 p.
1019 3701 1061 3751 ta.
1098 3695 1157 3754 Sed

226 3765 284 3818 illa
305 3763 393 3833 libri,
430 3783 485 3836 quo
511 3765 560 3820 hic
582 3767 739 3831 utebatur,
764 3767 921 3846 scriptura,
956 3768 1067 3821 slvere
1091 3764 1157 3832 luit,

214 3833 280 3887 'vix
306 3842 348 3886 est
367 3851 383 3888 a
408 3847 491 3918 poeta
517 3838 655 3907 prosectu.
692 3835 823 3889 Ceterum
849 3848 879 3892 ut
897 3836 1040 3891 hocloco
1063 3835 1088 3888 is
1106 3833 1157 3901 qui

226 3901 351 3957 sceleste
371 3915 432 3974 agit
448 3906 575 3960 mentis
602 3906 657 3958 lue
682 3906 924 3976 praepeditus
944 3921 1062 3979 peccare
1081 3903 1158 3957 dici·

228 3982 292 4037 tur,
335 3973 387 4027 ita·
409 3975 543 4044 superius
577 3973 628 4028 Vs.
647 3977 698 4030 322
730 3973 944 4029 temerarius
974 3985 1098 4030 vocatur.
1124 4001 1158 4011 -

227 4040 325 4094 Porro
343 4042 395 4097 Vs.
414 4047 465 4099 356
481 4047 578 4114 scirpus
597 4060 651 4097 non
670 4054 727 4098 est:
756 4039 849 4098 unitos
866 4037 1007 4115 φρενῶν,
1025 4053 1055 4094 ut
1073 4040 1159 4094 scho-

207 4107 331 4184 ‚tirsus
350 4113 424 4182 vult,
443 4129 525 4183 quem
543 4108 661 4186 plurimi
680 4113 773 4167 secuti
792 4123 876 4181 sunt,
902 4114 953 4168 sed
971 4107 1160 4177 calamitas,

934 4232 955 4305 f
