2652 4688
1016 362 1097 436 tlt

107 537 185 600 vitio
210 552 280 599 esee
302 541 335 598 et
357 553 421 618 pro
440 531 529 616 παρὰ
549 533 774 620 reponendum
797 535 878 617 napi.
939 537 975 598 ln
999 537 1102 613 libro,
1220 595 1223 603 .

108 638 166 702 quo
188 622 343 682 utebatur
364 621 580 697 scholiastes,
623 630 699 705 post
719 619 818 683 verba
841 622 871 681 τί
889 617 948 702 γὰρ
971 623 1100 684 nullum

109 716 174 768 erat
197 707 478 788 interpunctionis
499 709 649 792 signnm,
681 715 719 766 nt
739 705 827 787 apud
849 705 1099 780 Robortellum;

106 792 202 854 verba
224 789 433 874 πραςτέταχθι
453 791 552 854 ποιεῖν
580 794 679 872 petiit
700 811 740 852 ex
761 809 858 852 versu
882 794 961 866 1993
1008 793 1099 878 geni-

106 877 206 940 tivum
239 894 348 936 cesum
377 871 522 956 γυναικὸς
551 877 597 938 ita
624 876 823 956 explicavit,
866 885 904 936 nt
936 895 997 958 pro
1029 875 1100 960 neni

105 953 246 1040 γυναικὸς
269 961 412 1041 positum
436 957 562 1020 diceret
590 991 632 1004 -
666 961 764 1041 plane
793 966 831 1017 ut
860 962 1097 1021 crecentiori-

105 1046 161 1104 bus
185 1043 423 1124 interpretibus
448 1041 717 1105 Abrescbius.
751 1073 792 1090 --
844 1043 1001 1104 Dubitari
1023 1053 1097 1127 pot·

106 1134 173 1206 est,
216 1136 326 1188 utrum
357 1129 631 1214 interrogationis
661 1130 792 1213 signum
814 1137 888 1208 post
910 1128 939 1186 el
958 1125 1017 1212 γὰρ
1040 1146 1099 1210 po-

104 1209 241 1272 nendunr
265 1214 326 1286 sit,
355 1221 393 1272 ut
416 1209 496 1274 baec
518 1211 622 1272 dictio
646 1232 718 1274 eam
740 1213 808 1275 vim
831 1212 969 1289 habeat,
999 1233 1096 1294 quam

103 1294 187 1378 apud
208 1295 321 1378 Enrip.
346 1294 417 1358 lon.
441 1296 497 1358 Vs.
521 1301 583 1360 tto
606 1296 753 1371 Manu,
792 1292 943 1376 Xenoph.
967 1295 1098 1360 Memo-

102 1381 170 1440 rab.
193 1379 247 1457 Il,
276 1385 319 1456 6,
348 1383 425 1444 2et
444 1383 486 1459 3,
520 1382 604 1442 alibi
635 1381 710 1461 (cfr.
741 1381 829 1440 inira
858 1379 968 1442 adnot.
993 1381 1035 1442 ad
1062 1400 1095 1464 p.

104 1467 196 1543 129),
225 1484 266 1526 en
287 1467 406 1530 minus.
454 1466 629 1528 Genitivus
652 1481 744 1526 casus
765 1460 909 1545 γυναικός
931 1485 997 1526 non
1020 1486 1099 1547 pen·

100 1547 156 1612 det
180 1567 231 1612 ex
261 1551 363 1612 verbo
396 1552 636 1632 μητραλοιάς,σῐ
661 1550 862 1614 Wellauero
894 1546 1017 1611 visum'
1037 1557 1098 1628 est,

101 1630 156 1694 sed
176 1653 216 1694 ex
237 1634 292 1710 iis,
315 1654 399 1716 quae
411 1637 532 1717 Apollo
549 1633 722 1695 additurus
738 1636 839 1694 inisse
851 1633 1015 1719 putandus
1031 1644 1098 1709 est;

101 1719 129 1777 is
151 1718 220 1800 ipse
241 1716 284 1778 ad
306 1723 475 1800 sequentia
497 1720 599 1782 verba
619 1727 729 1781 mente
747 1716 950 1800 supplendus
972 1725 1040 1798 est,
1062 1722 1099 1780 in

101 1801 188 1862 hune
210 1802 366 1864 modumt
391 1804 408 1866 ὁ
432 1801 528 1884 φόνος
548 1801 715 1884 γυααιιιός,
737 1800 806 1876 ἥτις
828 1799 926 1881 ἄνδρα
946 1805 1097 1888 νοσφίσῃ,

101 1881 157 1948 οὐκ
179 1885 217 1948 nio
237 1907 266 1967 y.
291 1882 320 1949 d.
345 1881 421 1950 αὐθ.
447 1913 504 1968 φ.,
526 1889 623 1950 h.e.=
654 1886 827 1962 caedes,
852 1905 970 1969 quam
992 1906 1101 1950 uxor

101 1972 227 2049 iecit,
251 1980 330 2036 cett.
361 2003 404 2019 -
457 1974 534 2038 hin.
557 1975 599 2035 24
622 1974 644 2037 l.
670 1970 1005 2054 »expellcndornn1<‹;
1035 1973 1097 2039 lin.

99 2055 225 2138 penult.
247 2058 337 2118 etin
360 2059 420 2134 iis,
451 2077 535 2140 quae
555 2066 759 2138 sequnntur:
793 2052 945 2136 ὀμφαλόν.

57 2135 133 2225 Peg.
157 2142 216 2218 49,
246 2137 288 2201 ad
310 2161 366 2219 ea,
399 2161 483 2223 quse
505 2139 546 2203 de
565 2141 669 2204 verbo
692 2137 843 2217 αὐθέντης
865 2139 949 2202 dixi.
993 2139 1099 2206 Error

99 2232 168 2299 est,
191 2221 281 2306 quod
302 2227 441 2303 rettuli,
464 2225 569 2290 schol.
589 2227 614 2286 A
641 2227 743 2288 ollon.
767 2235 800 2288 et
821 2222 935 2308 Eurip.
958 2226 1099 2288 alteram

98 2307 255 2370 vocabuli
282 2319 409 2392 partem
440 2309 584 2372 averbo
612 2309 689 2371 ιέααι
716 2309 848 2370 ductam
872 2329 941 2370 esse
970 2319 1097 2388 putare,

98 2407 175 2450 nam
205 2392 241 2450 hi
263 2411 394 2474 quoqne
416 2394 582 2477 originem
604 2395 672 2471 ejus
700 2411 741 2454 ex
770 2392 873 2455 verbo
901 2392 979 2452 ἱέναι
1002 2413 1100 2476 repe·

98 2480 184 2534 tunt.

54 2593 98 2607 --
120 2555 318 2624 advailll.
342 2559 449 2640 Quum
472 2557 642 2625 dicebam:
667 2555 767 2639 »παρ’
796 2555 884 2622 οὐδὲν
911 2556 1103 2642 ἐργάζεσθαί

97 2665 128 2703 τι
160 2640 285 2703 dictum
322 2653 361 2705 ut
397 2639 478 2726 παρ’
512 2641 599 2707 οὐδὲν
628 2643 779 2706 τίθεσθαί
810 2663 862 2705 est<
877 2691 888 2720 ,
935 2645 1098 2721 nolebam,

98 2727 275 2808 utriusque
297 2727 454 2790 dictionis
474 2727 611 2790 eandem
632 2731 701 2792 vim
724 2747 819 2806 esec,
861 2737 899 2790 ut
919 2728 971 2790 vel
995 2731 1100 2790 inter-

97 2813 246 2894 pretatio
284 2813 389 2874 latina
418 2810 540 2878 docere
570 2823 689 2896 potest.
763 2813 876 2876 Verbo
910 2811 1100 2895 ἐργάζεσθαι

99 2913 172 2956 cem
192 2897 260 2958 vim
282 2898 506 2974 tribuebam‚.
531 2917 613 2980 quae
636 2899 740 2986 magis
769 2900 907 2981 propria
928 2906 977 2959 est
998 2898 1100 2962 verbo

98 2982 286 3061 composito
309 2977 562 3064 ἀπεργάζεσθαι,
606 3003 712 3066 neque
740 2981 776 3044 id
798 2991 942 3060 temere,
986 3001 1100 3064 quam-

97 3081 197 3146 quam
220 3063 308 3144 apud
330 3069 474 3152 tragicos
496 3076 609 3149 poetas
638 3087 716 3130 sane
746 3068 873 3127 nullum
905 3067 1000 3144 hujus
1021 3083 1099 3128 usus

96 3150 284 3230 exemplum
310 3168 533 3233 reppereram.
589 3151 689 3214 Nune
719 3148 848 3214 demum
881 3152 949 3213 loci
978 3169 1099 3237 magno

97 3251 203 3315 opere
231 3236 350 3296 tentati
378 3255 493 3298 veram
524 3234 787 3298 emendationem
820 3233 986 3297 invenisse
1015 3234 1100 3295 urihi

95 3315 229 3380 videor.
292 3317 452 3381 Mendurn
474 3340 542 3383 non
563 3323 599 3381 in
620 3317 765 3405 ιῖριιέσω,
808 3319 867 3381 nbi
895 3317 1004 3380 adhuc
1031 3320 1122 3397 ejus·

94 3399 192 3464 sedes
214 3405 465 3486 quaerebatur,¹
490 3403 547 3468 sed
569 3405 604 3465 in
624 3402 807 3486 πιστώματα
828 3406 920 3467 latet.
984 3400 1102 3464 Scribe

94 3507 165 3554 una
196 3487 296 3550 litere
329 3497 476 3556 mutata:
518 3487 758 3569 πιστώμασι.
824 3489 935 3550 Verba
964 3479 1101 3569 aiudpn'

97 3567 195 3650 ἄτιμα
222 3574 365 3636 fortiore
399 3575 669 3658 interpunctione
698 3595 717 3636 a
750 3573 960 3658 sequentibus
993 3589 1102 3633 secer-

96 3655 208 3718 nenda
234 3667 326 3732 sunt,
368 3656 410 3719 de
432 3678 497 3741 quo
519 3657 587 3724 vid.
608 3658 791 3724 Bernhard.
815 3655 949 3738 Syntax.
975 3677 1006 3738 p.
1028 3655 1101 3719 285.

94 3737 215 3802 Dictio
234 3737 316 3824 παρ’
335 3739 423 3806 οὐδὲν
442 3741 609 3827 ἀρκεῖσθαι
626 3739 737 3830 ’Ἤρας
756 3747 810 3805 κατ’
827 3739 909 3815 Διὸς
929 3737 1102 3817 πιστώματι

93 3824 285 3910 significate
308 3849 389 3890 non
411 3830 688 3912 acquiescere
709 3831 755 3888 in
776 3827 863 3890 fide
884 3847 958 3908 per
978 3824 1106 3885 June-=

95 3927 191 3970 nem
227 3909 430 3976 etJovem
465 3913 573 3975 date.
639 3915 688 3976 De
720 3931 757 3976 re
787 3915 922 3976 consule
953 3909 1100 3972 Lobeck.

93 3993 263 4080 Aglaoph.
295 4017 327 4068 n.
351 4001 432 4075 650,
466 3998 577 4080 adnot.
602 4000 647 4078 n).

41 4119 90 4132 -
115 4081 182 4158 50,
215 4078 256 4140 ad
278 4077 335 4145 Vs.
358 4086 431 4150 217.
454 4084 561 4166 Quum
584 4081 731 4147 dubitari
752 4083 875 4165 possit,
911 4095 987 4139 num
1010 4073 1102 4138 πλέον

852 4215 896 4289 19
