2652 4688
221 345 296 422 me
335 344 338 356 '

223 519 298 601 Peg.
321 520 377 597 19,
398 515 440 578 ad
462 515 518 579 Vs.
534 515 584 579 92.
628 515 759 578 Nollem
782 517 965 581 Hermenni
988 522 1252 588 emendationem

264 600 397 683 ἐκνόμως
418 601 541 661 indicta
563 620 674 661 caussa
695 601 913 682 respuissem,
947 625 989 667 ne
1010 606 1152 684 eodem,
1193 631 1252 692 qno

265 687 426 768 reliquas,
454 685 528 746 loco
551 684 700 767 habuisse
720 685 867 764 viderer,
890 707 1069 770 quaecum
1091 693 1252 754 facillima

264 772 324 844 sit,
363 779 432 832 tum
461 789 522 828 usu
543 770 632 830 vocis
654 767 798 848 ἐκνομίως
819 769 1062 854 Aristophaneo
1085 773 1172 850 (vid.
1195 777 1249 839 Vs.

264 855 336 920 982.
359 875 431 915 cum
453 851 561 914 adnot.
585 851 769 914 Hemsterh.
792 862 825 914 et
844 853 946 919 schol.
970 865 1070 938 atque
1090 859 1153 923 Vs.
1166 863 1249 935 993.)

264 947 298 998 el
327 942 522 1002 auctoritate
542 935 662 996 Suidae
691 936 729 1014 (s.
752 937 809 997 Vs.
832 937 991 1018 ἐκνομίως)
1018 942 1099 1003 satis
1133 947 1247 1004 confir-

265 1034 352 1086 mata
380 1022 488 1088 videri
517 1021 636 1104 possit,
680 1023 737 1102 qui
769 1019 886 1084 iisdem
913 1027 1002 1102 dere,
1046 1045 1133 1106 quae
1165 1027 1248 1108 apud

265 1110 367 1170 schol.
390 1105 557 1186 Aristoplr.
586 1107 813 1185 reperiuntur,
851 1107 960 1167 verbis
989 1110 1108 1190 positis
1140 1109 1247 1173 addit:

266 1193 381 1274 λέγεται
397 1193 428 1252 δὲ
445 1193 497 1252 καὶ
509 1185 657 1272 ἐκνόμως.
693 1185 757 1249 Sed
779 1187 967 1250 dubitabam
982 1191 1149 1274 equidem,
1172 1215 1250 1257 nuru

264 1299 358 1340 usum
374 1275 510 1351 Comici,
531 1274 565 1332 in
590 1269 746 1350 ejusmodi
765 1271 896 1354 quidem
914 1275 1096 1354 vocabulis,
1120 1279 1156 1340 iu
1178 1281 1251 1360 qui.

233 1377 239 1388 ·
266 1364 324 1423 bus
341 1379 407 1422 nou
425 1361 529 1420 solum
544 1356 740 1438 scriptorum
760 1363 916 1436 tempora,
935 1357 1111 1422 sedetiam
1128 1380 1247 1447 genera

266 1441 477 1507 discernenda
512 1440 684 1517 videntur,
725 1448 847 1501 temere
877 1439 918 1500 ad
956 1446 1102 1530 tragicos
1137 1455 1248 1526 poetas

255 1529 436 1593 'traducere
458 1527 581 1588 liceret.
625 1525 675 1584 De
694 1522 807 1608 Agam.
830 1521 886 1585 Vs.
906 1526 996 1590 1452.
1021 1547 1159 1610 prorsus
1186 1549 1249 1590 non

266 1618 378 1697 liquet.
411 1613 460 1673 De
480 1611 583 1671 simili
603 1627 664 1670 usu
680 1609 771 1670 vocis
792 1605 926 1678 ἐξαίσιον
947 1610 1072 1671 nollem
1085 1611 1248 1673 Herman-

266 1721 326 1760 nus
346 1696 388 1758 ad
407 1697 506 1758 Hom.
523 1691 637 1772 Odyss.
652 1689 760 1766 XVII,
776 1691 849 1756 577.
872 1703 1098 1773 provocassem
1144 1705 1195 1757 est
1220 1699 1247 1756 is

265 1803 342 1846 sane
362 1779 450 1843 haud
468 1797 561 1840 rarus
578 1777 717 1846 maxime
733 1773 821 1854 opud·
835 1776 997 1857 sequioris
1015 1780 1089 1840 aevi
1107 1781 1247 1861 scripto-

265 1888 335 1944 res,
370 1863 438 1929 vid.
460 1883 540 1946 quos
568 1861 683 1922 citavit
702 1858 888 1920 Heiniehen
915 1857 957 1920 ad
977 1860 1094 1925 Euseb.
1119 1862 1247 1924 Hister.

265 1950 384 2012 Eccles.
398 1949 471 2010 Lib.
486 1945 529 2023 Il,
545 1948 595 2009 17.
612 1941 767 2004 Judiceut
787 1940 920 2004 eruditi.
935 1941 1100 2023 Adiectivi
1123 1943 1252 2028 ἔκνομος

265 2037 383 2096 similis
413 2030 545 2112 quidem
582 2024 819 2108 quodammodo
853 2029 882 2088 si
906 2027 1052 2090 sificatio
1081 2039 1152 2106 est,
1197 2031 1251 2093 scd

136 2191 140 2200 β
266 2115 353 2199 apud
371 2115 473 2196 Orph.
491 2115 672 2197 Argonaut.
686 2109 749 2170 νε.
767 2111 818 2172 60.
900 2129 970 2171 eam
992 2116 1251 2191 correctionem,
1313 2131 1314 2136 ¹

267 2217 460 2284 quamquam
477 2194 751 2269 minusfacilem
771 2203 810 2254 ut
826 2197 1044 2274 praeferrem,
1065 2208 1250 2278 praeterea,

265 2286 364 2347 siculi
392 2280 553 2356 indicavi,
596 2279 676 2340 fecit
701 2277 885 2338 scholiastis
911 2278 1109 2361 explicatio,
1156 2301 1253 2363 quem

266 2368 398 2451 quidem
418 2366 520 2449 probe
548 2360 793 2424 considerabam
820 2361 945 2423 verbis:
990 2359 1027 2423 ori
1048 2360 1144 2443 μόνον
1166 2368 1252 2445 τιμᾷ,

267 2450 342 2516 ἀλλὰ
365 2454 418 2513 καὶ
439 2449 522 2530 σέβει
542 2467 635 2530 posse
655 2447 707 2508 vel
727 2445 831 2508 solum
855 2445 1049 2508 vocabulum
1075 2448 1166 2528 σέβει
1187 2453 1255 2510 cir-

266 2537 483 2602 cumscribere
503 2533 664 2606 voluisse3
706 2527 847 2594 cettheo
873 2537 968 2610 pacto
989 2532 1084 2592 verbi
1112 2530 1256 2613 ἐκνόμων

265 2625 318 2687 vel
340 2617 554 2702 quodcunque
582 2612 674 2676 aliud
702 2612 776 2673 loco
798 2614 866 2694 ejus
889 2612 930 2675 ob
959 2614 1072 2676 oculos
1096 2616 1258 2694 habebat,

265 2707 389 2768 nullam
421 2703 553 2764 omnino
590 2700 751 2775 rationem
785 2695 935 2758 habuisse
971 2697 1136 2778 putandus
1171 2711 1258 2762 erat.

264 2789 415 2854 Ceterum
428 2784 563 2848 verbum
580 2781 701 2862 ἐκτιμᾶν
717 2779 828 2842 eadem
847 2799 919 2840 cum
935 2781 970 2842 vi
987 2785 1131 2863 positum
1156 2805 1260 2868 repe-

233 2872 235 2877 ’
264 2878 352 2936 ritur
372 2866 459 2950 apud
478 2865 631 2946 Sophocl.
653 2865 771 2928 Electr.
794 2864 851 2926 Vs.
874 2865 924 2928 64.
967 2864 1115 2948 Emperii
1135 2888 1260 2930 emen-

264 2958 430 3019 dationem
447 2947 596 3032 ἐκγόνωε,
626 2967 730 3030 nuper
750 2950 785 3010 in
802 2949 894 3012 Actis
910 2945 1085 3012 Societatis
1103 2949 1262 3015 Graecae

265 3040 446 3122 Lipsiensis
466 3037 542 3098 Vol.
563 3035 591 3111 1,
619 3033 706 3097 Fasc.
729 3033 777 3108 ΙΙ,
800 3053 831 3115 p.
855 3034 896 3094 9⁰
916 3036 1139 3113 propositam,
1185 3057 1262 3098 non

267 3143 391 3188 moror.
443 3177 444 3186 ,
1315 3137 1316 3140 ’

224 3243 265 3256 ..
285 3211 402 3290 24341„
422 3203 465 3266 ad
486 3203 542 3266 Vs.
566 3204 682 3283 104sq.
704 3208 737 3262 et
758 3199 818 3264 115
830 3219 895 3280 sq„
923 3198 952 3258 si
973 3201 1059 3261 tanti
1081 3209 1151 3279 est,
1193 3207 1263 3266 cfr.
1315 3215 1316 3262 i

265 3297 369 3357 etiam·
403 3309 485 3372 quac
524 3292 755 3372 congesserunt
792 3279 971 3347 Blomfield·
1015 3283 1168 3347 Glossar.
1218 3286 1267 3348 ad
1315 3335 1316 3338 ,

265 3367 380 3440 desole.
402 3373 510 3434 Prom.
533 3368 590 3432 Vs.
613 3371 683 3434 676.
706 3377 739 3430 cl
759 3364 883 3453 Pflugk.
915 3362 1027 3430 adnot.
1060 3367 1102 3430 ad
1130 3370 1266 3452 Eurip.

263 3459 397 3523 Heracl.
419 3457 476 3518 Vs.
499 3457 570 3522 994.
827 3507 830 3512 -

264 3546 347 3606 Mox
368 3540 411 3604 ad
429 3541 486 3604 νε.
509 3544 578 3604 llo.
600 3559 640 3602 ex
667 3557 733 3600 uno
755 3535 825 3604 cod.
848 3536 930 3622 Reg,
947 3535 986 3596 L.
1015 3534 1104 3616 apud
1132 3537 1268 3600 Faehs.

264 3648 326 3714 pro
347 3623 445 3687 πάντα
463 3624 558 3686 ταῦτα
582 3627 734 3685 enotemr
760 3623 891 3684 inverso
920 3616 1038 3680 ordine
1066 3621 1272 3702 scriptum:

263 3716 358 3776 ταῦτα
388 3707 497 3772 πάντα.
541 3705 619 3769 Vid.
650 3703 793 3770 Lobecll.
821 3703 932 3768 adnot.
960 3700 1002 3764 ad
1031 3699 1136 3786 Soph.
1163 3705 1273 3785 Ajac-

264 3796 487 3946 gribiigbaVs.
511 3878 579 3940 112.
601 3894 661 3959 pro
691 3877 855 3956 scriptura
882 3866 1085 3955 ἀρκυσμάτων
1113 3883 1277 3952 praeter

266 3968 369 4028 libros
385 3981 415 4024 a
436 3959 632 4024 Vl'ellauero
663 3959 779 4020 citatos
807 3975 873 4018 nou
901 3957 1009 4028 solum
1034 3959 1117 4018 lacit
1152 3959 1278 4020 lectio

264 4047 354 4108 Med.
378 4065 395 4106 e
418 4044 528 4107 collat.
549 4042 714 4128 Weigel.:
755 4037 989 4122 ἇρκουσμάτων,
1011 4040 1070 4101 ubi
1091 4037 1144 4108 ad,
1165 4061 1279 4124 aspc-
