2770 4690
1036 353 1155 428 XXIX

139 525 293 622 Apollini
319 540 439 624 utpote
461 527 600 602 medico
625 527 699 602 vati
720 541 756 602 et
779 525 1028 629 prodigiorum
1049 525 1158 599 intar-

137 627 226 722 preti
252 627 402 724 aliisque
426 628 569 703 aedium
600 626 869 729 purgatoriii),
918 629 992 703 obit
1018 627 1156 718 eodem,

137 727 228 802 unde
252 743 411 804 venerat.
474 730 549 821 (Ab
575 728 679 804 initio
704 755 814 826 usque
839 730 883 804 ad
907 732 970 807 Vs.
993 729 1081 820 bd).
1107 767 1159 784 --
1300 827 1304 834 ,

233 832 317 903 Post
347 827 438 904 haec
468 831 616 927 Apollo,
662 831 705 905 de
739 832 842 926 ottjus
871 856 1040 927 processu
1070 852 1158 924 quo·
1204 885 1208 892 .

136 927 329 1004 dammodo
364 931 632 1026 praemonitum
663 947 717 1008 est
741 931 880 1007 ultimis
906 931 1053 1032 Pythiae
1078 955 1159 1002 ver·

134 1026 209 1122 bis,
238 1055 327 1104 arcu
352 1056 395 1106 ac
421 1031 559 1134 sagittis
585 1033 782 1108 instructus
797 1031 860 1126 ²³),
886 1059 930 1106 ex
952 1031 1095 1108 aedibus
1120 1034 1159 1101 in

235 1250 386 1320 periuntur
410 1253 438 1307 in
458 1255 603 1312 Adnotatt.
622 1275 650 1328 p.
668 1261 701 1313 61
720 1257 818 1328 prima.
859 1258 922 1311 Hoc
947 1271 1014 1310 vero
1038 1251 1080 1307 sic
1098 1253 1160 1306 ela·

238 1332 293 1374 tum
313 1320 338 1373 si
357 1320 422 1390 quis
442 1323 482 1378 ita
507 1325 672 1393 intelligere
690 1329 793 1393 vellet,
828 1325 908 1395 quasi
928 1341 1028 1379 revera
1045 1320 1160 1402 sangui-

236 1387 397 1513 pgpwputttae
413 1391 443 1446 in
462 1395 525 1447 solo
545 1396 714 1516 copspicuae
732 1397 868 1478 fuiss-ent,
895 1396 942 1478 aut
960 1394 1161 1515 ¹Orplstepopplslt}

236 1526 289 1578 dus
308 1475 831 1599 eassoettoreoffegrgut'sltirtrltlessedltaeerrtil:
846 1479 1035 1597 thgnppppnm
1052 1533 1088 1584 de
1107 1530 1161 1582 hoc

238 1609 376 1660 moneam,
411 1599 534 1663 quamvis
551 1600 645 1654 levius
663 1601 719 1667 sit,
756 1601 930 1668 quodetiam
949 1601 1067 1656 vnsor
1087 1599 1162 1678 Ore:

240 1673 300 1715 stes
324 1661 430 1718 dicitur
447 1668 537 1733 χεῖρας
554 1672 674 1736 φονίας
697 1667 885 1736 irrupimus,
923 1669 951 1722 id
971 1667 1100 1736 quidem,
1135 1681 1162 1719 st

239 1730 414 1855 {illidii
430 1737 1162 1862 tttlttttttttittttllttltttti

239 1885 294 1990 nt
310 1871 580 1996 ,stantuna
596 1823 1163 2012 atttti„t’s¹¹¹¹⁰'·‘'1‚¹{ttisstt

238 2006 272 2058 atl
292 2022 395 2062 ramum
410 2010 588 2078 oleagineum
604 2013 682 2069 vittis
699 2015 849 2069 obductum
867 2011 982 2081 attinet,
1001 2016 1074 2082 qood
1093 2029 1163 2082 sup·

238 2074 344 2195 plicam
369 2077 483 2146 insigne
508 2077 628 2148 ἱκετηρία
655 2084 854 2153 appellabatur
871 2085 983 2138 Graeco
1011 2083 1162 2144 vocabulo,

260 2159 312 2224 unc
329 2144 447 2202 sinistra
464 2163 545 2203 mann
563 2151 680 2218 gerebat
696 2153 826 2222 Orestes,
845 2168 929 2221 quum
946 2154 1048 2207 dextra
1067 2165 1163 2206 essem

241 2221 369 2268 strictum
388 2227 514 2283 teneret,
543 2232 572 2273 ut
590 2219 672 2273 ctiam
692 2221 720 2276 ia
740 2222 810 2277 artis
829 2223 964 2292 operibus
983 2232 1042 2286 est,
1067 2236 1164 2288 qoam-

222 2297 320 2349 .quam
339 2301 393 2338 non
412 2284 549 2342 omnibus.
600 2289 644 2342 Ad
664 2290 744 2344 illum
762 2292 921 2346 accuratius
939 2291 1164 2358 cognoscendum

239 2351 389 2408 sufficiunt
406 2370 477 2420 quae
496 2371 582 2425 supra
605 2358 733 2412 dedimus
751 2377 791 2414 ex
812 2359 874 2431 ipso
893 2361 1039 2440 Aeschylo
1065 2357 1164 2429 petita.

238 2418 273 2474 Si
292 2420 357 2486 quis
375 2423 458 2493 plura
475 2425 556 2492 velit,
575 2426 655 2481 adeat
667 2429 860 2482 Aeschinis
878 2431 964 2483 verba
985 2445 1013 2481 ιιι
1031 2425 1164 2498 apologia

238 2491 313 2558 apud
332 2490 498 2562 llarpocrat.
518 2504 546 2548 et
564 2493 678 2549 Saldam
698 2513 719 2550 s.
737 2509 763 2550 v.
782 2495 914 2565 ἱκετηρία,
949 2495 1077 2551 Suidae
1096 2511 1119 2548 s,
1137 2514 1163 2549 v.

241 2553 366 2623 taneta,
400 2562 514 2615 schol.
538 2564 573 2616 ad
599 2563 697 2635 Eurip.
719 2565 811 2622 orest.
832 2567 881 2620 Vs.
898 2567 949 2622 ³73
977 2575 1005 2619 et
1028 2565 1164 2619 Androm.

239 2626 651 2700 Vs.8761ttnun.(quiqnod
676 2635 779 2701 tradit,
813 2634 950 2702 ejusmodi
970 2649 1060 2688 ramos
1080 2634 1164 2688 etiam

241 2712 295 2749 ore
312 2705 439 2765 gestatos
462 2715 525 2754 esse
544 2716 560 2753 a
575 2702 775 2773 supplicibus,
811 2705 898 2758 lacile
916 2703 1029 2772 quidem
1047 2720 1165 2772 conces-

241 2763 329 2819 serim
346 2766 507 2835 hugtrsto
526 2769 701 2826 Matthiae
745 2773 896 2827 ridiculum
915 2789 997 2840 esse,
1025 2775 1074 2826 sed
1093 2787 1165 2839 nego

240 2835 271 2888 in
290 2836 383 2890 adnot.
402 2838 574 2892 scholiastae
599 2857 651 2910 pro
667 2860 783 2908 acopon
806 2842 985 2896 scribendum
1004 2858 1067 2896 esse
1083 2846 1167 2909 ertp-

127 2945 133 2956 .
239 2923 321 2972 ματι,
346 2904 417 2961 licet
435 2906 521 2961 hoca
539 2908 648 2964 duobus
667 2911 815 2965 codicibus
834 2913 1015 2982 praebeatur,
1042 2913 1093 2980 qui
1111 2926 1166 2964 non

240 2973 386 3038 dubitem,
426 2976 608 3032 scholiastara
639 2978 765 3049 ineptum
798 2980 879 3032 illum
910 2997 1036 3034 errorem
1068 2995 1166 3034 revera

148 3061 154 3070 ·
242 3043 436 3109 commisisse,
472 3045 607 3102 videlicet
626 3048 690 3101 loco
709 3049 860 3119 Euripidis
884 3045 912 3102 in
932 3051 1049 3116 Oreste,
1085 3064 1167 3117 quem

240 3112 324 3165 modo
342 3111 444 3176 citavi,
464 3131 610 3194 perperam
629 3116 777 3173 intellecto
796 3120 965 3184 seductum),
986 3118 1166 3189 spanhem.

242 3181 336 3234 adnot.
364 3180 398 3233 ad
425 3183 570 3254 Aristoph.
588 3185 666 3240 Plut.
686 3187 737 3242 Vs.
755 3189 820 3252 383,
856 3189 965 3241 Wass.
984 3189 1017 3240 ad
1048 3187 1166 3240 Sallust.

243 3249 314 3304 bell.
331 3248 465 3318 Jugorth.
486 3252 516 3305 C.
535 3253 571 3319 L,
590 3270 618 3324 p.
635 3257 708 3323 360,Ι
719 3255 841 3324 denique
858 3256 929 3312 artis
948 3257 1052 3312 veteris
1069 3273 1167 3310 monu-

241 3328 332 3372 menta
351 3319 474 3388 plurima
490 3337 613 3376 numero.

160 3383 213 3454 225
246 3387 424 3442 Vocabulum
447 3385 621 3458 ἰατρόμαντις
645 3403 772 3460 tanqnam
791 3394 939 3465 epitheton
958 3394 1046 3464 Apis,
1078 3395 1167 3464 Apol-

243 3456 313 3510 linis
332 3456 406 3523 lilil,
433 3460 556 3515 recurrit
574 3459 674 3530 Suppl.
695 3463 744 3516 Vs.
762 3467 821 3516 too.
856 3464 1001 3534 Aristoph.
1021 3463 1097 3517 Plut.
1118 3464 1169 3518 Vs.

242 3528 271 3580 ll
295 3527 330 3580 de
346 3526 498 3597 Apolline:
528 3525 857 3597 tavptcdvaatpswc
899 3531 1167 3600 Vld.Spanhcm.
1206 3558 1210 3566 ‚

244 3595 339 3649 adnot.
358 3601 392 3650 ad
406 3595 517 3653 Gallim.
537 3600 639 3669 llymn.
659 3599 687 3653 in
708 3601 804 3670 Apoll.
825 3600 875 3655 Vs.
894 3603 979 3656 att-
1014 3603 1061 3654 De
1079 3603 1167 3671 Apol-

242 3664 302 3717 line
320 3665 430 3719 aedinm
449 3679 503 3722 etc.
523 3680 677 3736 purgatore
695 3669 771 3722 dixit
790 3669 994 3726 Muellerus
1012 3671 1087 3726 Hist.
1106 3671 1169 3724 Do-

242 3733 342 3787 rienss.
362 3735 396 3789 T.
415 3735 437 3799 l,
458 3755 485 3806 p.
504 3739 553 3792 3³5
572 3753 614 3804 sq.
1283 3789 1287 3796 ,

161 3799 211 3862 ²3)
248 3802 314 3856 Vid.
338 3803 447 3858 verm
466 3822 537 3873 sqq„
558 3807 605 3872 oui
624 3807 704 3860 solus
723 3805 836 3860 fabulae
855 3807 934 3861 locus
953 3816 1007 3870 est,
1027 3809 1100 3860 unde
1118 3805 1168 3858 ba-

245 3871 331 3924 hitnm
347 3873 392 3926 dei
410 3874 551 3937 colligere
565 3876 660 3930 liceat.
689 3877 805 3928 Ceteras
825 3878 907 3944 hujus
922 3873 1016 3944 parte's
1033 3877 1168 3944 probabi-

245 3941 312 3994 liter
331 3940 466 3997 indicatit
479 3946 682 3998 Muellerus
699 3945 733 3997 ad
746 3946 862 3999 Eumen.
880 3965 905 4024 p.
918 3950 976 4008 112,
996 3961 1168 4011 quamquam,

247 4012 460 4072 consumserit,
488 4015 651 4084 Apollinem
672 4026 774 4067 tantum
795 4015 823 4067 in
842 4029 940 4085 priore
958 4014 1070 4067 subulae
1090 4027 1168 4082 parte

244 4093 337 4132 arcum
355 4082 497 4150 gessisse,
518 4100 644 4138 caussam
662 4083 743 4137 tideo
763 4084 883 4148 nullam,
902 4084 952 4136 cir.
971 4082 1053 4136 etiam
1067 4081 1168 4155 Eurip.
