2770 4690
928 407 930 410 -
972 348 1141 432 XXXVII

214 623 286 678 viris
305 624 414 688 doctis,
433 638 529 676 uerum
547 624 632 678 etiam
649 625 685 677 ab
700 624 829 676 omnibus
847 623 1053 694 interpretibus
1072 643 1138 696 per-

210 708 306 763 peram
330 692 495 747 intellectus
521 704 579 758 est,
615 701 730 764 praeter
754 708 837 745 unum
855 693 1053 762 Castorum,
1088 696 1138 764 qui

210 772 318 825 tamen,
347 771 379 816 ut
397 775 511 826 seusus,
544 776 631 828 quem⁴
648 762 765 815 subesse
784 761 909 828 viderat,
942 763 1004 817 erui
1028 774 1137 844 posset,

210 825 393 898 αἶωροῦμενον
410 829 520 896 corrigi
536 829 623 896 jussit
641 830 714 884 citra
731 831 944 898 necessitatem
973 833 1138 887 sufficiebat

210 897 337 986 quippe,
369 897 524 966 virgulam,
555 915 627 966 quae
645 900 730 967 vulgo
749 900 890 953 collocate
908 901 1053 971 reperitur
1070 913 1137 972 post

209 963 698 1107 llll‘,{lll{·‘,¹2¹lt2⁰,lll„tlt⁰:t
720 967 997 1108 {tlhllltl’
1016 971 1136 1110 ltili·
1191 983 1195 992 X

208 1119 367 1160 mutavero
394 1120 516 1170 comma,
551 1106 626 1173 quod
648 1104 751 1176 incipit
768 1121 829 1159 cum
851 1122 920 1160 voce
936 1077 1063 1178 doriensp,
1099 1109 1135 1162 ad

208 1175 370 1229 secundum.
406 1175 460 1227 Est
484 1173 533 1226 bic
558 1173 669 1242 quidem
694 1175 764 1228 ordo
792 1176 941 1230 uerborum
966 1178 1133 1248 perplexus

206 1242 258 1297 sed
277 1260 358 1311 quem
382 1243 492 1296 similes
509 1241 624 1298 dicendi
648 1243 771 1297 rationes
797 1244 867 1298 satis
889 1253 1034 1312 tueantur,
1068 1245 1134 1300 uide

205 1311 289 1366 modo
316 1313 442 1380 ejusdem
469 1311 583 1365 fabulae
605 1312 657 1367 Vs.
676 1314 728 1366 605
745 1327 788 1380 sq.
807 1322 836 1366 et
853 1315 904 1368 ⁷04
922 1329 984 1382 sqq.
1009 1324 1037 1371 et
1061 1330 1133 1380 quae

205 1380 243 1434 ad
261 1392 408 1448 utrumque
431 1383 523 1434 locum
542 1381 675 1435 adnotata
699 1391 763 1435 suut
781 1396 797 1433 a
814 1381 860 1434 Pi
864 1383 1001 1452 lugkio.
1042 1383 1132 1438 Quae

188 1451 290 1516 'quum
308 1449 347 1504 ita
365 1449 437 1513 sint,
459 1449 533 1501 nihil
554 1457 615 1514 est,
640 1463 692 1502 cur
708 1466 763 1502 non
781 1448 959 1517 breviante,
987 1467 1068 1520 quam
1084 1452 1131 1506 di-

206 1534 275 1571 cere
295 1517 437 1637 inciperet
454 1532 516 1569 cum
534 1517 579 1570 his
597 1517 708 1572 uerbis:
735 1511 791 1582 ἥκω
808 1517 909 1584 νεκρῶν
924 1517 1071 1588 κευθμῶνα
1087 1527 1133 1574 καὶ

205 1581 300 1638 σκότου
317 1583 353 1640 πό
370 1601 402 1639 as
417 1581 518 1650 λιπών,
545 1585 685 1656 Polydori
704 1586 883 1640 simulacrum
903 1605 941 1642 ex
959 1589 1060 1642 inieris
1080 1605 1132 1658 per

206 1657 311 1722 gradus
333 1653 492 1707 Charonios
518 1655 681 1707 surrexisse
707 1670 860 1720 sumamus3
895 1673 957 1710 nam
982 1675 998 1710 e
1021 1657 1130 1712 verbis:

206 1718 256 1773 νὸν
278 1718 346 1791 ὖπὲρ
370 1721 475 1790 μητρός
491 1721 569 1788 φίλης
585 1718 666 1774 ἆΐσσω
686 1719 876 1790 αἰωρούμενος,
913 1726 939 1778 si
962 1727 1026 1792 quis
1048 1725 1132 1792 sequi

206 1792 364 1862 putaverit,
385 1791 506 1846 utillud
525 1791 636 1862 inipso
655 1792 776 1846 tentorio
795 1809 881 1862 penes
898 1803 1013 1847 matrem
1032 1794 1130 1858 suerit,

207 1861 352 1925 conjicere
376 1859 495 1924 licebit,
526 1858 599 1913 idem
618 1861 725 1913 demum
743 1871 806 1914 aute
826 1861 916 1932 ipsum
938 1864 1052 1917 fabulae
1070 1863 1128 1916 iui-

206 1929 287 1996 tium,
318 1940 464 1998 postquam
489 1927 571 1982 illinc
594 1940 728 1993 venerate
755 1931 809 1983 hoc
828 1930 985 1998 ingressum
1004 1949 1076 1986 esse.
1095 1964 1128 1974 -

203 1997 265 2050 Jam
284 1997 471 2064 inquiramus,
499 1997 648 2052 stationem
666 2009 780 2068 spectra
798 1999 848 2052 ubi
866 2001 1031 2065 habuerint,
1059 2017 1127 2070 pos-

203 2066 279 2120 situe
297 2084 313 2120 e
332 2068 452 2130 sabulis,
471 2083 542 2132 quae
560 2069 651 2119 adhuc
669 2077 835 2136 supersunt,
854 2071 1048 2138 probabiliter
1065 2071 1127 2122 coi-

202 2134 266 2202 ligi.
306 2136 353 2189 De
373 2135 507 2204 Aeschyli
524 2136 625 2188 Persis
643 2135 797 2205 disputanti
817 2140 941 2192 concedo
960 2139 1126 2204 Genello,

202 2203 287 2257 Darii
311 2202 487 2258 simulacrum
507 2204 536 2257 in
555 2207 692 2283 thymele,
727 2204 820 2271 ipsius
838 2207 945 2278 quippe
962 2224 993 2262 se
1015 2209 1126 2272 ulcbro,

202 2272 374 2328 substitisse.
426 2273 457 2326 lu
490 2272 640 2342 Euripidis
667 2274 785 2327 Hecuba
817 2287 955 2345 spectrum
1010 2275 1127 2347 olydori

201 2357 282 2407 quem
301 2343 449 2398 stationem
468 2342 599 2396 habuerit
618 2342 875 2408 interdicendum,
911 2343 1023 2399 videtur
1040 2361 1056 2397 e
1074 2345 1125 2400 Vs.

201 2413 236 2465 59
254 2426 315 2478 sqq.
342 2410 476 2466 concludi
503 2426 596 2480 posse.
648 2411 762 2466 Etenim
789 2429 870 2476 quum
896 2414 1014 2467 Hecuba
1040 2413 1126 2467 simul
1207 2461 1209 2464 .

201 2495 262 2532 cum
283 2479 334 2536 Vs.
353 2481 387 2534 53
408 2479 593 2550 pronunciato
610 2499 627 2534 e
645 2480 768 2539 tentorio
792 2479 821 2533 in
847 2483 1023 2550 proscenium
1042 2497 1126 2549 egre·

201 2549 312 2615 diatur,
346 2548 512 2618 Polydorus
537 2567 603 2602 vero
622 2549 684 2619 ipse
708 2548 889 2617 profiteatur,
923 2565 955 2603 se
979 2558 1125 2604 canturam

201 2633 282 2684 esse,
300 2633 336 2670 ue
355 2627 476 2672 amatre
494 2617 704 2688 conspiciatur,
723 2629 751 2672 et
770 2629 858 2672 tamen
876 2630 942 2688 post
960 2618 1042 2672 illum
1059 2636 1125 2674 ver-

200 2703 260 2740 sum
279 2691 411 2753 quattuor
428 2687 503 2740 alios
522 2687 640 2753 recitet,
668 2689 830 2757 priusquam
849 2701 879 2740 se
896 2689 1050 2752 subducat,
1079 2706 1123 2742 sa·

200 2755 406 2826 reprobabile
425 2765 484 2822 est,
509 2773 572 2808 euru
590 2772 643 2809 non
661 2757 690 2810 in
709 2755 875 2825 proscenio,
901 2759 951 2811 sed
971 2758 1001 2812 in
1019 2759 1123 2811 orche-

201 2837 276 2891 stra,
313 2837 342 2879 et
365 2823 475 2892 quidem
500 2826 552 2880 tali
571 2825 600 2878 in
625 2825 706 2891 loco,
741 2825 790 2893 qui
809 2827 844 2878 ab
864 2826 981 2880 Hecuba
1002 2843 1122 2897 progre-

200 2893 296 2948 diente
321 2911 375 2948 nou
402 2894 489 2948 facile
515 2895 577 2947 visu
602 2894 800 2961 comprehendi
826 2906 937 2964 posset,
973 2896 1122 2950 stationem

199 2962 341 3017 habuisse.
384 2962 532 3030 Denique,
561 2973 592 3016 ut
609 2964 642 3016 ad
661 2964 832 3016 Eumenidas
850 2979 901 3017 nos
919 2973 1121 3030 convertamus,

200 3043 228 3084 et
252 3031 412 3084 rationibus
436 3033 499 3086 illis
526 3032 736 3086 universalibus
754 3049 771 3086 a
789 3032 945 3086 Genello
972 3033 1068 3088 allatis
1093 3043 1121 3088 et

198 3101 314 3154 duarum
338 3102 434 3153 harum
460 3101 590 3168 analogia
617 3101 773 3155 fabularum
798 3101 956 3156 verisimile
981 3101 1120 3164 redditur,

200 3169 282 3224 etiam
300 3171 329 3222 in
346 3169 399 3222 hec
417 3169 523 3240 spectri
542 3169 688 3224 stationem
705 3170 797 3224 luisse
815 3171 845 3224 in
864 3173 1018 3226 orchestra.
1058 3172 1121 3225 Nec

199 3238 282 3293 video
307 3237 451 3308 prolecto,
481 3239 548 3306 quid
576 3238 644 3292 huic
667 3239 823 3293 sententiae
844 3251 892 3294 aut
910 3258 925 3294 e
943 3241 1054 3294 ratione
1072 3258 1119 3294 re·

197 3325 258 3362 rum
276 3320 413 3372 actarum,
447 3319 495 3362 aut
513 3326 550 3361 ex
568 3307 642 3376 ipsis
669 3319 771 3378 poetae
794 3307 890 3363 verbis
908 3309 999 3376 obiici
1036 3310 1119 3376 assit,

197 3375 225 3429 in
253 3375 355 3444 quibus
378 3393 413 3430 ne
438 3376 507 3431 talia
531 3377 642 3444 quidem
666 3376 739 3443 sint,
774 3377 870 3445 qualia
888 3326 1068 3433 llecubvi's.
1084 3379 1120 3434 30

197 3461 276 3513 sqq,
308 3445 396 3512 uude,
424 3447 688 3528 Clytaemnestram,
722 3445 856 3500 similiter
873 3458 956 3514 atque
973 3447 1010 3502 de
1026 3446 1118 3518 Poly-

198 3516 269 3568 doro
287 3515 374 3568 statui
392 3528 494 3586 possit,
511 3526 577 3570 ante
594 3526 748 3568 sermonem
766 3515 891 3570 habitum
909 3533 996 3586 penes
1013 3515 1118 3570 Furias

198 3595 262 3654 post
278 3599 388 3638 scenam
406 3585 436 3639 in
454 3585 560 3655 templo
578 3585 748 3638 dormientes
766 3583 870 3650 fuisse,
889 3584 1027 3654 colligere
1045 3600 1117 3666 opus

198 3651 244 3706 sit.
286 3653 357 3707 Nam
379 3669 497 3709 eversu
516 3657 580 3720 1⁰3,
617 3653 726 3706 etiamsi
750 3670 805 3707 non
829 3653 982 3710 dormirent
998 3655 1116 3719 Furiae,

196 3739 252 3775 nou
271 3722 368 3789 sequi,
405 3733 433 3778 ut
452 3725 675 3792 Clytaemnestra
693 3721 773 3776 hisce
791 3723 827 3775 ob
845 3725 944 3777 oculos
964 3723 1054 3778 luerit
1071 3723 1115 3778 iu·

198 3801 243 3845 ter
273 3791 438 3853 dicendum,
481 3793 576 3860 quivis
609 3793 654 3844 vel
687 3808 741 3844 non
774 3790 897 3845 monitus
930 3791 1114 3850 concesserit.

198 3861 291 3918 Quare
307 3877 398 3928 neque
417 3861 491 3916 illud
513 3863 655 3915 affirmare
679 3859 782 3926 ausim,
818 3862 893 3928 quod
910 3861 934 3915 ii
952 3861 1009 3916 viri
1027 3860 1114 3923 docti,

198 3928 363 3996 quibuscum
386 3930 455 3984 mihi
475 3930 504 3985 in
523 3931 682 3984 uuiversum
701 3929 736 3982 de
759 3946 861 3984 scenae
883 3932 994 3986 ratione
1011 3945 1114 3983 conve-

199 3997 255 4064 nit,
271 4008 392 4064 sumunt,
408 4001 516 4066 januam
534 4016 656 4067 magnam
673 4007 796 4068 apertam
816 3999 913 4052 luisse.
949 3998 1025 4055 Nolo
1043 3997 1114 4050 hanc

201 4083 259 4129 rem
276 4084 338 4128 curu
362 4070 524 4141 puluisculo
542 4078 677 4128 excutere
695 4076 743 4124 aut
765 4068 796 4127 iu
814 4066 927 4126 tantilla
952 4063 1115 4135 quaestione
