2770 4690
999 369 1135 450 XXVII

118 531 259 640 ωηεν)
294 571 337 620 ex
373 537 517 618 aedibus
551 527 728 636 Apollinis
764 545 949 644 expulerit.
1002 544 1136 665 Quibus
1206 623 1207 626 ,

374 699 410 710 ,-

216 793 332 860 cidissus
366 812 428 850 narn
446 797 527 850 illurn
545 812 608 852 esse
626 801 735 865 locum,
762 813 800 852 ex
819 814 874 864 quo
892 799 966 852 hunc
983 815 1135 870 expresse·
1156 797 1159 814 '

214 868 255 922 rit
274 865 420 932 Comicus,
439 877 516 922 certe
534 868 625 936 quoad
644 879 785 938 postrema
802 868 902 932 verba,
928 865 1136 936 προεδιασῦρων,

215 931 251 989 riis
268 951 360 1002 φασιν,
387 929 554 1002 Eriptrrldpv,
587 948 618 992 ut
634 937 726 1005 schol.
747 933 846 1000 tradit,
883 935 996 990 facilius
1014 939 1134 1002 credam,

215 1021 296 1072 quum
314 1003 375 1056 viro
393 1005 502 1057 cuidam
521 1007 604 1059 docto
627 1005 767 1059 assentiar
784 1005 820 1056 ob
838 1005 908 1058 banc
930 1007 1135 1060 adnotationem

162 1085 164 1094 ·
215 1079 252 1126 de
270 1073 377 1126 duabus
394 1072 514 1126 Medeae
532 1073 586 1128 Vs.
604 1077 655 1129 669
680 1071 851 1128 lectionibus
869 1072 1020 1142 cogitanti,
1036 1091 1135 1156 ⁸(mae,

136 1418 183 1484 21)

216 1144 305 1196 altera
323 1145 357 1194 ad
376 1125 631 1211 priorem-subulae
649 1142 858 1205 recensionem,
883 1143 917 1195 ad
936 1155 1134 1211 posteriorem,

213 1227 330 1278 eamque
347 1211 544 1282 superstitem,
563 1214 670 1274 altera,
688 1210 887 1282 pertinuerint.
923 1211 1052 1266 Ceterum
1069 1212 1135 1266 vide

215 1279 296 1333 etiem
316 1296 366 1338 van
386 1280 456 1332 Deli
477 1281 496 1332 l.
518 1298 541 1334 c.
560 1298 588 1350 p.
608 1283 658 1334 126
674 1295 734 1346 sq.,
768 1278 820 1333 ubi
845 1291 935 1334 tamen
958 1282 1057 1354 plures
1075 1281 1135 1335 loci

215 1349 377 1403 testimonio
395 1349 552 1402 afferuntur
568 1349 660 1402 minus
678 1348 784 1402 idonei.
942 1357 943 1360 ’

217 1417 357 1474 Nimirum
375 1417 508 1479 Orestes,
535 1417 664 1470 manibus
682 1417 818 1484 sauguine
836 1415 1027 1484 stillantibus,
1044 1418 1135 1470 altera

214 1487 337 1555 gladium
361 1499 504 1539 cruentum
530 1485 571 1548 tid
598 1487 672 1552 quod
698 1485 824 1540 eflicitur
841 1487 959 1548 everba
984 1483 1134 1550 νεοσπαδέε,

215 1565 245 1608 ut
267 1557 323 1620 jem
348 1554 439 1605 schol.
464 1553 538 1606 vidit
563 1553 655 1606 adnot.
675 1554 710 1607 ad
730 1553 780 1608 Vs.
799 1553 843 1618 tt)
865 1553 1009 1621 strictum,
1043 1557 1134 1609 altera

215 1623 310 1675 olivae
344 1636 447 1674 romum
478 1626 627 1690 procerum
654 1621 716 1686 (Vs.
734 1623 799 1686 43),
846 1639 944 1676 recens
972 1625 1135 1678 decertum

216 1691 266 1752 (Su
288 1691 327 1758 pl.
346 1689 605 1754 vestustate),
650 1688 679 1742 in
704 1705 759 1758 quo
783 1688 870 1744 uittae
896 1691 1008 1757 laneae,
1042 1642 1134 1756 albae,

215 1709 368 1830 perlongee
388 1757 451 1818 (Vs.
470 1761 504 1812 tr
522 1771 576 1825 sq,
595 1758 695 1838 Suppl.
713 1759 763 1814 Vs.
780 1762 825 1823 22,
848 1760 903 1822 188,
922 1761 998 1826 329),
1027 1770 1135 1823 tenens,

215 1829 337 1898 supplex
364 1827 465 1879 sedens
492 1826 521 1879 in
549 1825 682 1880 umbilico
709 1835 736 1880 et
760 1838 824 1882 ante
842 1843 904 1880 eum
930 1828 959 1880 in
977 1828 1059 1883 sellis
1077 1829 1135 1882 Fu-

214 1898 277 1950 riae
295 1895 481 1958 dormientem
518 1911 589 1963 quae
607 1911 690 1950 scena
707 1897 854 1950 etiamnum
873 1896 977 1952 visitur
994 1897 1021 1950 in
1040 1897 1134 1970 pluri-

214 1967 266 2018 bus
295 1962 365 2016 ortis
392 1965 577 2019 monumentis
603 1965 823 2019 commemoratis
850 1981 866 2018 a
892 1966 1076 2023 Muellero
1104 1966 1134 2020 in

213 2034 359 2102 compend.
377 2033 519 2088 archueol.
537 2032 608 2087 artis
625 2035 646 2100 §.
666 2035 727 2098 362,
745 2037 762 2088 3
780 2046 808 2088 et
825 2035 884 2096 tto,
902 2037 927 2088 2.
948 2067 981 2079 -
1033 2035 1134 2090 Dicam

128 2121 131 2128 ¹
210 2101 312 2176 paucis
342 2100 514 2171 explicatius
546 2103 582 2156 de
609 2103 722 2156 Orestis
757 2102 886 2170 posituro
913 2114 997 2172 etque
1024 2104 1133 2170 habitu,

212 2171 308 2239 qualis
334 2170 514 2224 describatur
537 2187 553 2222 a
578 2171 693 2240 Pythia.
729 2172 767 2225 Et
793 2170 910 2243 primum
937 2173 1049 2242 quidem
1075 2191 1133 2226 mo·
1188 2207 1190 2212 ν

210 2243 278 2305 dus,
314 2255 370 2306 quo
388 2238 418 2292 in
436 2237 571 2292 umbilico
591 2240 767 2305 consederit,
802 2239 900 2294 nescis
917 2257 951 2295 un
976 2241 1135 2296 accuratius

209 2307 326 2363 definiri
347 2307 440 2378 possit
458 2323 474 2361 e
492 2307 542 2362 νε.
559 2309 601 2362 tt.
638 2307 682 2361 lbi
701 2310 785 2376 vulgo
809 2325 913 2361 comma
935 2309 1052 2376 ponitur
1069 2320 1135 2381 post

208 2378 302 2444 ἔχοντα
324 2385 353 2430 et
377 2377 542 2430 vocabulum
565 2374 762 2445 προστρόπαιον
786 2387 889 2431 tantum
914 2381 949 2434 ad
974 2374 1060 2448 ἄνδρα
1085 2397 1132 2433 re-

209 2449 296 2501 latum
316 2445 404 2498 latine
422 2445 550 2499 redditur
568 2447 626 2500 vel:
663 2445 882 2516 supplicem,
914 2449 974 2502 vel:
1014 2456 1133 2502 conta-

208 2514 381 2569 minatum.
424 2517 462 2567 At
480 2514 754 2581 quaerere'licebit,
785 2514 859 2568 sitne
884 2515 959 2568 illud
976 2516 1060 2570 simul
1088 2533 1134 2569 ar-

209 2585 285 2640 ctius
303 2599 365 2637 cum
382 2577 438 2650 sto.
456 2581 495 2646 ἕχ.
514 2585 751 2650 conjungendum,
779 2594 815 2637 ut
841 2583 949 2637 locutio
967 2581 1050 2650 ἕδραν
1065 2583 1133 2650 ἔχειν

207 2650 407 2720 προετρόπαιον
420 2653 562 2720 designet:
582 2651 791 2706 considendi
810 2652 906 2731 modo
923 2653 973 2708 uti
992 2653 1132 2724 suppli-

208 2722 316 2776 cibus
340 2721 502 2800 proprio,
525 2721 571 2802 'in'
591 2737 671 2801 quam
696 2733 862 2774 sententiam
887 2723 1077 2803 ego'quidcm
1103 2733 1134 2777 ut

206 2791 422 2914 todillis
443 2791 697 2940 &millii
714 2790 1133 2944 ddiies'ssliip'ldd'lilssff

206 2927 441 3052 odbold?
459 2943 491 3050 'si
507 2928 1133 3063 {tlt&totidmcltllttdttnlttt:

207 3065 376 3122 telloxerim
395 3033 472 3130 elim,
505 3080 561 3132 quo
580 3064 644 3134 ipse
663 3034 780 3119 Oresies
803 3065 893 3119 utitur
910 3066 938 3118 in
956 3066 1068 3136 pictura
1087 3083 1133 3122 va·

207 3134 253 3188 sis
277 3149 338 3186 cum
365 3134 400 3185 ab
426 3133 494 3186 aliis
522 3145 577 3186 tum
601 3133 789 3202 qucogallo
812 3135 951 3187 llubois
976 3137 1133 3189 Maisan·

206 3217 320 3284 noeuve
340 3201 480 3283 publicati
501 3203 555 3255 tab.
574 3202 708 3268 LXVlll‚
734 3204 893 3284 adnotatum
916 3203 997 3256 illum
1015 3220 1031 3257 a
1048 3204 1133 3259 illil-

206 3271 461 3408 ltttpr‘ttldt·
479 3270 989 3410 illudit,5¹¹⁵,ttdtt‘,tlt
1011 3283 1134 3397 {tritt}

207 3408 374 3490 &trit-elle
391 3408 468 3488 celle
491 3408 542 3460 des
557 3407 757 3477 *supplientspr
794 3409 844 3476 qui
869 3411 1001 3492 pluribus
1019 3411 1065 3492 de·
1079 3413 1134 3492 boc

204 3478 479 3616 liiliurdlidlid‘
493 3475 1039 3611 liepbridi·,illlrltl
1052 3482 1132 3602 llll:

206 3631 265 3682 que
292 3618 442 3681 conjuncto
469 3613 504 3667 de
531 3613 712 3684 supplicibus
741 3615 869 3668 adhibito
897 3617 957 3671 Ion.
984 3618 1035 3673 Vs.
1054 3620 1132 3682 1279,

205 3683 1133 3836 &pontt{atttriti,pondisserespoudit

207 3821 1132 3958 sttruosln„23¹⁰1‘tm‘ttrrt’stztttz{torturus

208 3927 331 4025 personia
345 3959 493 4012 Furiarum
508 3960 586 4028 pst,
605 3960 712 4013 adnot:
732 3961 820 4014 »Wer
834 3909 911 4016 dgiess
930 3960 1130 4015 buchstilblicb

208 4029 358 4080 verstehen
375 4028 492 4092 wollte,
527 4029 631 4081 miisste
649 4029 720 4081 aucb
743 4029 788 4082 bei
808 4031 860 4083 der
877 4030 1060 4085 Blutwiiscbe
1077 4029 1130 4081 der

208 4093 293 4164 Lady
310 4095 460 4162 stactem,
487 4095 584 4150 womit
609 4098 697 4150 sebon
715 4098 914 4152 Rocbelort
931 4099 1055 4152 dedtre
1081 4098 1131 4152 des
