2728 4690
1009 453 1011 456 ,
1057 365 1133 468 Ι170

117 551 235 634 poetae
259 567 390 612 manum
411 547 572 612 exhibeat.
616 541 840 635 construenda
861 542 979 610 verbs:
1009 543 1132 628 δενδρο.

118 632 227 714 πῆμων
248 630 349 714 βλάβα
371 633 515 728 φόνχμοῖς
537 626 895 720 όμματοοτερῆςχφυτοῖν.
1017 630 1034 678 f
1077 657 1079 662 ·

200 719 303 798 Quae·
316 720 381 796 jam
396 725 582 798 ¹sequnntur
600 715 700 779 verba
729 734 846 800 magna
866 714 1065 776 obscuritate
1084 713 1133 774 la·

117 801 237 864 borant
269 809 407 882 propter
444 801 610 877 lacunam,
643 817 738 879 quam
767 817 864 860 versu
895 801 957 862 906
984 815 1053 860 esse
1075 797 1133 860 vel

117 887 216 948 metri
237 887 324 946 ratio
345 883 452 946 docet.
499 883 538 944 In
558 884 722 947 veteribus
743 880 942 943 editionibus
962 884 1010 944 sic
1031 883 1133 944 inner-

116 970 291 1054 pungitur:
320 968 357 1028 in
377 964 450 1029 Ald.
474 976 507 1028 et
527 965 630 1030 Turn.
654 975 729 1026 ante
748 959 961 1046 πλουτόχθων,
993 966 1029 1026 iu
1049 964 1130 1028 liobs

20 1128 22 1132 Ι
117 1061 193 1114 aute
214 1051 342 1133 ἑρμαίαν
351 1097 372 1126 „
387 1053 430 1111 in
445 1049 533 1116 Vict.
555 1059 629 1112 aute
649 1046 749 1130 γόνος.
793 1044 889 1109 Hanc
909 1046 1133 1134 distinguendi

117 1136 280 1198 rationem
300 1135 522 1216 probaverunt
542 1136 741 1196 recentiores
762 1132 968 1213 interpretes,
989 1133 1133 1214 exceptis

116 1218 205 1280 Pavo
234 1227 267 1279 et
293 1218 460 1295 Heathio,
491 1219 550 1299 qni
578 1235 652 1279 cum
672 1215 816 1296 Staulejo
846 1219 944 1279 vemu'
963 1217 1026 1279 906
1054 1222 1133 1276 ante

118 1300 226 1384 τρέφοι
251 1303 460 1365 inseruerunt
478 1300 673 1364 vocabulum
699 1299 772 1382 χαΐα
791 1301 902 1382 itaque
929 1307 1006 1360 aute
1029 1293 1133 1382 χρόνῳ

118 1383 414 1472 interpungendum
433 1391 635 1461 statuerunt,
660 1381 794 1466 »quodsi
819 1385 907 1444 euius
926 1379 1028 1466 χρόνῳ
1044 1403 1133 1444 τοτο-

116 1467 216 1550 ρμένῳ
235 1487 310 1532 cum
327 1466 436 1551 τρέφον
452 1469 655 1554 ¹jungeretur,
675 1467 811 1530 verbum
831 1471 1034 1566 aegrotaret,
1055 1467 1134 1548 qnia

117 1554 346 1630 terraomni
374 1561 558 1634 tempore
584 1552 673 1613 alere
700 1549 816 1615 debeat
843 1554 958 1628 μηλοκτ
990 1548 1133 1631 'Itaque

118 1643 281 1718 postrema
300 1635 400 1697 verba
421 1635 462 1698 de
491 1637 582 1698 festis
602 1635 742 1718 publicis
770 1633 1020 1711 intellexerunt,
1116 1651 1135 1696 e

117 1721 214 1781 statis
234 1720 435 1801 temporibus
455 1716 650 1780 celebranda
669 1719 806 1780 fuissent
826 1721 861 1777 in
885 1652 1133 1782 honooemdd'o-

119 1821 194 1864 rum
220 1801 306 1864 bona
335 1805 399 1864 ista
425 1803 646 1888 largientium.
707 1800 805 1882 Cujus
842 1803 1022 1863 sententiae
1057 1795 1134 1884 pars

118 1887 284 1969 posterior
316 1905 509 1970 quamquam
537 1887 648 1968 inepta
673 1894 741 1961 est,
780 1885 876 1969 prior
911 1894 1020 1946 tamen
1046 1885 1134 1971 ¹reri

118 1967 200 2052 quid
220 1970 386 2046 continet,
408 1968 583 2050 eademque
603 1969 790 2050 nuperrime
809 1968 999 2030 Hermanno
1020 1985 1134 2030 caussa

118 2056 201 2132 luit,
237 2073 297 2115 cur
317 2054 452 2116 verbum
472 2052 581 2135 τρέφοι
611 2054 792 2114 mutatione
820 2050 970 2140 indigere
990 2059 1132 2134 putaret.

115 2137 224 2202 Porro
251 2133 294 2198 ad
326 2137 493 2214 lacunam,
528 2131 611 2218 quae
638 2144 688 2198 est
706 2155 803 2198 versu
824 2139 904 2214 906,
1003 2132 1134 2214 landam

116 2223 334 2303 scripserunt:
355 2218 533 2299 Staulejus:
555 2220 628 2301 χαῖα
647 2215 775 2303 τρέφον,
797 2218 966 2284 Wakeflel
990 2240 1044 2282 ns:
1064 2216 1133 2302 τρό-

115 2327 175 2386 φον
194 2303 295 2379 nidor,
318 2302 539 2377 Hermerotis,
562 2305 658 2366 olims
679 2301 767 2386 χώρα
785 2302 906 2384 epicos,
927 2304 1132 2386 nuperrime:

117 2385 207 2470 χόνος
229 2387 261 2448 di
280 2388 355 2468 χᾶς,
383 2387 590 2473 Burgessius:
619 2383 712 2468 χόνος
729 2409 761 2448 τε
780 2388 860 2460 πᾶς,
883 2387 1131 2448 'lachmannuss

117 2468 210 2552 χόνος
231 2467 340 2551 χόνον,
367 2467 455 2552 quod
476 2471 506 2530 si
525 2469 722 2534 Wellauero
744 2478 777 2531 et
796 2467 977 2530 Fritaschio
998 2476 1134 2548 propter

113 2555 293 2618 lectionem
314 2553 436 2630 Turn,
468 2553 526 2636 qui
547 2571 617 2636 ¹pro
647 2549 738 2633 χόνος
763 2551 881 2614 excudi
911 2553 1006 2632 jussit
1031 2548 1130 2632 ydros,
1256 2591 1263 2604 .

118 2636 290 2720 probabile
309 2635 442 2700 ridetur
461 2655 547 2713 esse,
576 2637 692 2721 procul
713 2635 814 2698 dubio
833 2643 963 2712 errant,
992 2634 1134 2696 Muelle-

117 2739 192 2783 rus:
212 2715 304 2801 χόνος
322 2719 355 2782 δὲ
374 2719 446 2792 πᾶς.
488 2720 581 2782 Haec
600 2723 712 2782 omnia
731 2739 827 2803 quem
846 2719 900 2782 rel
919 2721 1039 2784 vitiosa
1065 2719 1133 2780 sint
1229 2717 1232 2724 '

116 2805 171 2870 vel
191 2805 307 2866 saltem
329 2805 473 2885 incerta,
501 2823 568 2866 non
588 2823 670 2888 opus
691 2813 740 2867 est
764 2822 907 2866 monere.
959 2801 1134 2867 Sirenum

114 2891 179 2966 sit,
213 2885 301 2969 quod
320 2907 420 2970 supra
440 2889 654 2968 conjecimus,
688 2888 854 2950 hocloco
880 2895 1133 2970 proventum

116 2972 246 3034 maris
267 2974 542 3050 commemorari,
563 2980 602 3033 ut
621 2977 710 3034 certe
730 2970 962 3054 probabilitate
991 2991 1058 3034 nou
1079 2989 1133 3032 ea·
1162 2998 1163 3001 ¹

118 3065 187 3132 ret,
209 3053 299 3116 dicat
318 3055 455 3136 aliquis,
477 3064 551 3137 post
569 3053 659 3138 χόνος
673 3055 847 3119 excidisse:
870 3051 1005 3128 δ’όλός.
1048 3051 1133 3116 Sunt

112 3159 195 3202 sane
215 3139 314 3201 verba
334 3135 436 3222 χρόνῳ
457 3139 620 3220 τεταχμένῳ
646 3137 689 3201 ed
709 3138 933 3204 antecedentia
959 3135 1131 3214 trahenda,

117 3243 177 3286 nec
198 3220 435 3298 dubitaverim,
464 3226 544 3328 <puin
566 3226 734 3305 sequentia
761 3243 821 3308 per
847 3223 1044 3304 particulam
1072 3223 1132 3292 ali·

161 3326 229 3385 am,
250 3307 356 3390 prelis
376 3314 426 3368 est
445 3307 494 3383 δε,
516 3325 641 3370 annexa
659 3310 793 3371 fuerint.
835 3303 902 3370 Sed
922 3325 963 3368 ne
982 3306 1042 3370 illa
1060 3307 1133 3388 qui-

140 3410 191 3454 ens
211 3391 305 3453 utin
327 3387 422 3455 codd.
444 3411 541 3457 mser.
568 3390 729 3454 habentur
756 3400 849 3454 recto
876 3391 944 3452 talo
964 3385 1131 3456 incedunt.

114 3475 214 3538 Dices
234 3476 366 3558 quippe,
388 3472 497 3538 deesse
515 3476 705 3555 subjectum,
726 3472 815 3558 quod
830 3481 960 3552 vocant,
981 3474 1135 3538 euunda·

116 3560 227 3621 tionis.
269 3557 344 3620 Hoc
365 3561 469 3647 igitur
488 3555 651 3641 quomodo
672 3578 831 3642 reponas
851 3558 962 3620 conati
982 3558 1050 3620 sint
1064 3559 1134 3622 riri

7 3675 14 3714 τ
118 3637 209 3704 docti
229 3645 352 3724 partim
371 3645 436 3723 jam
456 3661 555 3725 supra
575 3652 789 3706 memoratum
810 3651 879 3721 est,
899 3660 1040 3724 quorum
1060 3641 1132 3725 qui.

7 3757 8 3766 τ
116 3721 189 3786 dem
218 3727 452 3804 sconjecturis
482 3726 607 3788 nullam
626 3746 738 3790 rerem
764 3745 833 3788 esse
861 3727 998 3808 opinor3
1032 3727 1133 3788 eliam

115 3809 279 3870 rationem
306 3811 385 3873 iniit
412 3810 582 3874 Dobraeus
613 3811 649 3871 iu
670 3809 826 3874 Classical
844 3810 984 3872 Journal
1010 3809 1052 3876 T.
1071 3807 1131 3887 ΙΙΙ,

7 3921 9 3938 ·
114 3910 148 3972 p.
170 3893 249 3969 654,
270 3893 477 3956 scribendum
498 3913 567 3956 esse
587 3895 785 3973 conjiciens:
805 3889 887 3976 μῆλά
905 3889 930 3954 τ’
951 3889 1132 3956 εὐθενοῦντα

113 3974 171 4055 qi,
207 3994 290 4056 quae
317 3980 480 4042 correctio
511 3997 570 4040 nec
599 3977 797 4042 Wellanaro
828 3978 1014 4124 displicuit,
1051 3984 1084 4040 et
1111 3996 1132 4040 a

8 4083 9 4176 ρ
113 4057 282 4124 Muellero
304 4079 344 4126 ao
363 4061 546 4126 Fritsschio
567 4062 706 4145 probata
726 4072 784 4130 est.
827 4061 870 4128 ss
913 4059 1049 4126 eandem
1069 4061 1131 4130 im-
