2770 4690
1002 291 1188 416 xroru'

129 525 168 585 ut
191 533 270 586 suas
302 509 383 585 illas
409 512 522 588 iratas
548 507 718 604 canesil)
743 511 874 586 excitet
901 505 951 588 ad¹
976 513 1152 590 insectan·
1243 567 1246 570 -

129 611 211 686 dum
235 613 412 688 Orestem.
464 612 610 688 Acerba
636 628 735 689 notat
767 613 941 690 desidiam
968 613 1151 690 dormien-

126 711 230 788 tium:
275 737 315 788 se
348 711 393 788 ab
419 713 549 790 iisdem
577 713 632 789 sio
664 715 843 816 neglectui
866 713 1030 792 habitam
1054 715 1151 790 inter

123 814 277 910 reliquos
319 831 507 909 mortuos,
563 814 656 913 quod
701 840 830 891 necem
874 817 1149 915 perpetraverit,

121 915 265 1010 probris
290 915 471 991 continuis
487 916 595 1009 affici,
620 917 844 1015 turpiterque
867 942 1008 1011 errare,
1032 917 1149 993 maxi-

119 1015 191 1090 mis
215 1016 365 1092 illorum
387 1016 702 1092 criminationibus
727 1018 929 1114 subjectam
943 1017 1012 1112 ³⁴),
1038 1032 1076 1092 at
1100 1016 1146 1092 ob

119 1130 223 1192 atrox
247 1117 336 1191 illud
360 1118 502 1194 facinus
536 1119 576 1192 in
609 1144 648 1194 se
682 1117 727 1194 ab
758 1119 836 1216 ipso
871 1119 946 1194 filio
973 1117 1146 1195 commis-

116 1240 201 1294 sum
225 1220 367 1294 nullum
395 1245 530 1296 numen
555 1221 594 1294 in
618 1219 679 1306 sui¹
700 1220 859 1320 gratiam
884 1220 1007 1296 irasci.
1060 1219 1146 1293 Inde

116 1322 308 1416 compellat
332 1322 479 1416 Furias,
518 1336 559 1395 ut
582 1324 733 1396 vulnera
758 1321 829 1418 ipsi
853 1321 992 1397 inflicta
1023 1333 1145 1394 mente

116 1422 424 1517 contemplentur,
472 1422 600 1518 quippe
625 1447 716 1518 quae
747 1422 786 1495 in
811 1445 940 1498 somno
960 1422 1145 1520 vperspica-

113 1519 196 1596 cior
221 1523 270 1597 sit
283 1519 353 1615 ³⁵),
395 1521 590 1618 exprobrat
612 1521 760 1615 iisdem,
788 1522 882 1619 quod
906 1527 1044 1600 nullam
1070 1523 1143 1598 oul-

134 1725 183 1788 33)
221 1721 272 1777 Sic
284 1723 400 1802 'Furiae
422 1724 608 1804 appellantur
629 1723 756 1812 Cboeplr.
774 1722 827 1780 Vs.
841 1725 896 1794 ,911
914 1732 944 1779 et
963 1724 1037 1780 1⁰5⁰.
1080 1721 1146 1776 lluc

133 1861 181 1927 34)
218 1792 849 1942 lllgbbidbilisnbergbiiia,Vsnoiitoasgartim
869 1862 960 1928 jana
984 1859 1144 1914 scholia-

217 1939 285 1995 sta,
303 1937 405 2000 partun
424 1947 441 1984 a
459 1931 631 1985 Disseuro
649 1933 742 1985 adnot.
761 1930 796 1983 ad
813 1930 899 1983 Pind.
918 1931 1009 1985 thren.
1028 1930 1065 1983 lr.
1084 1930 1140 1993 lll,

213 2015 244 2069 p.
258 2001 307 2054 651
326 2000 371 2053 ed.
391 1999 478 2055 Goth.
514 2000 634 2054 Confert
652 2000 726 2053 hunc
744 1999 853 2066 locum,
872 2007 904 2065 ut
920 2016 937 2053 e
954 2015 1027 2067 quo,
1045 1999 1081 2053 de
1099 2000 1140 2052 la·

211 2083 272 2134 na,
290 2085 362 2135 quae
380 2069 508 2123 homines
526 2069 555 2122 in
569 2072 672 2123 Orcum
692 2084 781 2136 usque
798 2078 947 2137 sequatur,
965 2066 1060 2136 qualis
1077 2068 1140 2121 lue·

211 2136 254 2192 rit
279 2147 381 2207 poetae
403 2137 555 2202 sententia,
591 2137 692 2206 colligi
713 2148 813 2205 queat,
849 2154 911 2191 cum
934 2154 986 2202 eo,
1021 2135 1072 2204 qui
1097 2146 1141 2190 est

212 2204 294 2276 Sept.
319 2225 343 2262 c.
364 2206 455 2261 Theb·
476 2207 527 2261 Vs.
546 2209 596 2262 665
615 2223 676 2274 sqq.
729 2205 891 2261 Halmius
917 2205 946 2262 in
970 2205 1064 2261 Lectt.
1081 2205 1139 2258 Ae·

211 2276 307 2345 schyl.
341 2275 449 2330 Partic.
474 2276 497 2330 1.
529 2277 563 2329 ad
596 2274 745 2329 indicenda
775 2273 912 2330 solemnia
944 2274 1140 2330 anniversaria

209 2344 356 2416 gymnasii
374 2344 554 2398 Monacensis
570 2361 595 2399 a.
613 2344 861 2400 MDCCGXXXV
879 2343 1000 2413 scripta,
1017 2361 1045 2414 p.
1065 2345 1105 2396 lt.

127 2413 173 2480 35)
210 2415 291 2470 Quae
309 2413 390 2468 bisce
407 2413 510 2468 verbis*
530 2423 711 2484 opponuntur
729 2429 831 2482 graeca
848 2414 901 2469 Vs.
921 2414 988 2466 1⁰5:
1022 2407 1139 2478 ἒνῆμε-
1204 2413 1212 2438 “

208 2479 247 2551 ρᾷ
271 2479 301 2537 δὲ
322 2480 397 2551 μοῗρΙ
418 2479 587 2548 ἀπρόσκοποι
609 2479 729 2552 βροτῶν,
763 2483 855 2536 fusius
882 2482 996 2548 quidem
1019 2489 1139 2536 tractata

207 2551 324 2608 suntin
342 2552 485 2606 Adnotatt.
506 2569 533 2621 p.
552 2553 586 2606 22
603 2568 681 2619 sqq.,
713 2551 764 2605 sed
781 2551 915 2605 successu
933 2549 1022 2603 dubio
1040 2550 1136 2603 admo-

206 2623 293 2688 dum,
310 2637 364 2675 nec
382 2637 513 2692 possum,
533 2619 602 2688 quin
620 2618 808 2690 suspicionem
828 2635 941 2683 novam,
965 2617 1054 2683 milri,
1073 2619 1137 2671 dum
1185 2625 1190 2636 '

205 2692 280 2744 baec
300 2690 476 2756 scribebam,
502 2699 605 2756 ortam,
640 2689 670 2743 in
688 2687 809 2742 medinm
827 2691 976 2758 proferam.
1010 2685 1138 2742 Maxime

206 2759 332 2813 offendit
358 2761 525 2816 vocabulum
548 2755 670 2828 βροτοῖο,
705 2756 842 2825 quidquid
867 2757 902 2812 ad
926 2757 956 2810 id
982 2757 1136 2811 defenden-

205 2832 274 2882 dum
292 2827 450 2882 alucinator
468 2844 538 2882 sum.
573 2827 660 2895 Cuius
678 2843 761 2894 quum
781 2828 854 2897 opud
873 2825 1054 2883 scholiastae)
1072 2826 1136 2879 nul-

207 2899 268 2952 lum
287 2896 436 2966 vestigium
454 2906 602 2968 appareat,
628 2897 678 2950 sed
697 2896 723 2950 is
741 2897 828 2950 verba
843 2892 892 2963 τῆς
909 2891 1006 2964 φρινδι
1022 2895 1135 2959 babeat,

202 2965 313 3034 quibus
338 2965 366 3021 in
401 2967 455 3020 boc
483 2975 585 3035 poetae
612 2981 695 3019 versu
721 2964 796 3019 nibil
830 2965 997 3034 respondet,
1039 2964 1135 3034 possis

204 3035 319 3103 quidem
343 3045 500 3100 autumare,
537 3051 598 3088 eum
618 3033 663 3101 id,
699 3035 773 3100 quod
792 3034 992 3087 Hermanno
1012 3043 1042 3087 at
1064 3033 1134 3086 milri

204 3105 379 3159 intuentem
403 3103 495 3168 venit,
533 3119 601 3174 prae
624 3102 719 3158 oculis
747 3101 887 3157 habuisse.
938 3101 996 3156 Sed
1015 3109 1134 3156 utcoo·
1210 3167 1213 3171 ι

202 3173 318 3238 cedam,
354 3174 426 3228 hanc
449 3175 638 3240 conjecturam
661 3171 776 3226 minime
798 3179 902 3227 certam
920 3185 1000 3237 esse,
1038 3175 1066 3223 et
1083 3186 1132 3223 ve-

204 3258 269 3298 rum
287 3241 631 3308 vidissestontejun,
667 3252 756 3296 tamen
775 3242 821 3295 vel
848 3241 892 3295 sic
916 3247 1134 3294 cousentaneum

202 3329 262 3366 non
281 3321 340 3375 est,
359 3310 533 3365 scholiasten
552 3311 625 3365 illud
642 3307 748 3378 βροτῶν
765 3309 794 3364 in
808 3310 908 3364 codice
922 3325 973 3363 suo
991 3307 1134 3372 babuisse,

203 3379 276 3448 quia
293 3380 359 3434 fieri
380 3380 428 3434 vix
452 3379 563 3451 potuit,
598 3390 630 3434 ut
646 3381 702 3434 hoc
727 3388 810 3450 pacto
837 3378 917 3432 illam
942 3392 1019 3432 suam
1036 3377 1133 3446 expli·

203 3447 291 3504 candi
310 3449 447 3504 rationem
464 3449 701 3519 amplecteretur,
719 3464 802 3516 quum
820 3447 984 3502 necessario
1001 3449 1087 3514 μοῖρα
1105 3455 1133 3500 et

203 3513 314 3588 βροτῶν
330 3526 496 3576 construere
518 3518 645 3572 deberet.
689 3517 766 3572 Quae
783 3532 866 3584 quaro
892 3516 932 3572 ita
948 3516 1022 3582 sint,
1058 3515 1131 3569 idem

201 3584 289 3642 simul
308 3587 393 3642 etiam
414 3586 609 3656 negligentiae
627 3583 744 3640 crimine
770 3583 958 3652 liberabitur,
982 3583 1016 3638 'si
1034 3584 1062 3638 ei
1082 3600 1131 3637 vo·

203 3656 336 3710 rabulum
363 3656 467 3712 lectum
493 3656 583 3711 luisse
607 3652 758 3721 statueris,
793 3654 868 3722 quod
890 3654 964 3709 nibil
989 3652 1047 3707 nisi
1072 3668 1130 3706 am·

202 3724 350 3795 pliticaret
383 3726 580 3796 praecedentis
613 3725 695 3782 verbi
729 3721 885 3789 notionem,
921 3733 951 3778 ut
977 3721 1074 3776 verbis
1101 3715 1134 3773 ου’

199 3791 309 3860 προορᾷ
323 3796 407 3850 simul
426 3811 592 3866 expressum
608 3811 672 3850 esse
687 3792 811 3861 cogitari
829 3791 930 3862 possit.
958 3790 1020 3846 Vix
1035 3791 1131 3862 aptius

202 3862 348 3918 inveneris
368 3875 397 3920 et
423 3863 541 3936 propius
558 3866 632 3932 quod
659 3863 693 3917 ad
712 3863 857 3918 literarum
883 3871 988 3917 tractus
1005 3859 1130 3938 accedat,

202 3946 287 3998 quam
302 3928 434 4000 πρόσω,
466 3935 632 4005 praesertim
648 3933 674 3986 si
695 3931 889 4003 reputaveris,
917 3931 1002 3984 litera
1018 3949 1050 3993 ν,
1077 3943 1132 3981 uua

202 3999 315 4055 lineola
332 4001 492 4071 significari
511 4003 613 4068 solita,
648 4017 728 4068 quant
747 4017 833 4071 saepe
852 4002 898 4054 vel
915 3999 1013 4054 addita
1029 3997 1069 4051 sit
1085 3995 1132 4048 uel

203 4067 328 4135 omissa,
364 4077 445 4140 cujus
464 4073 508 4128 rei
533 4075 577 4128 vel
597 4073 627 4126 in
647 4073 698 4125 trac
716 4070 813 4125 labala
830 4080 875 4126 sat
897 4069 985 4124 multa
1001 4063 1134 4138 exempla
