2794 4692
229 285 418 405 msxtuu
479 269 480 274 Ν

227 526 316 576 vam
338 521 573 580 communem
600 519 695 587 esse;
722 495 882 569 candidis
909 515 996 572 'vero
1018 499 1178 576 vestibus
1200 527 1256 578 so-

226 603 392 678 lennibus
412 627 451 674 se
477 611 639 694 expertes
664 595 820 688 esse·⁷¹)';
864 621 903 670 se
928 600 1027 674 enim
1058 601 1257 678 domorum

227 704 267 780 in
291 731 330 778 se
356 701 531 798 recepisse
557 695 805 785 eversionem,
849 695 912 772 ubi
935 701 1059 776 caedes
1085 701 1255 779 domesti-
1327 725 1329 732 ⁴

228 832 273 880 ca
297 817 499 902 perpetrata
524 793 656 887 fuerit,
682 796 964 892 —hujusmodi
989 801 1190 898 parricidas
1215 831 1256 880 se

227 905 393 1004 persequi
430 919 485 995 et,
533 897 699 996 quamvis
736 896 891 991 validos,
944 900 1095 998 perdere
1111 904 1177 997 ⁷¹)3
1202 948 1254 958 --

227 1011 309 1101 (sir.
329 1009 371 1097 2)
397 1016 627 1104 properantes
651 1021 740 1071 vero
767 997 837 1070 sibi
862 1001 935 1074 suis
960 1003 1130 1099 precibus
1155 1005 1252 1082 hune

227 1109 414 1198 effectum,
440 1119 480 1178 ut
497 1101 547 1176 dii
569 1101 663 1175 hano
685 1122 815 1172 curam
835 1115 954 1175 ratam
977 1104 1140 1178 facerent
1161 1133 1251 1181 neve

135 1223 161 1305 ‘⁶
226 1212 312 1307 ipsis
344 1209 621 1284 adversarentur
640 1241 691 1252 —-
713 1200 842 1272 Jovem
874 1203 973 1278 enim
1000 1207 1042 1280 de
1078 1207 1252 1306 sanguine

227 1316 382 1388 stillante
408 1308 488 1382 odio
514 1305 620 1402 digna
641 1301 710 1373 hae
736 1301 1004 1395 parricidarum
1030 1307 1173 1381 natione
1196 1309 1252 1404 ju-

162 1487 165 1500 ,
227 1415 365 1489 dicium
390 1433 560 1508 exercere
586 1401 742 1478 noluisse
755 1399 889 1494 ⁷²)3-
924 1431 1008 1480 sane
1033 1408 1134 1485 enirn
1161 1421 1250 1484 vero

326 1727 412 1768 sensu
428 1708 624 1781 accipiendum
642 1720 733 1778 esset,
757 1729 838 1782 quam
858 1711 889 1768 in
906 1709 1026 1778 reliquis
1043 1711 1128 1778 hujrrs
1145 1708 1250 1764 cantici

323 1783 402 1904 loci}
419 1780 558 1834 omnibus.
592 1781 673 1836 Quod
696 1782 783 1837 addas
806 1783 890 1839 velim
915 1779 1068 1853 disputatis
1085 1779 1116 1835 in
1131 1779 1249 1834 Adnott.

246 1923 290 1986 71)
322 1869 399 1974 liioci
418 1917 490 1972 citra
513 1933 590 1988 spem
615 1919 821 1973 emendationis
838 1917 998 1986 depravatiq
1032 1933 1196 1988 quamquam
1212 1917 1249 1972 ad

325 1987 492 2044 sententiam
510 2004 564 2040 non
582 1989 697 2042 multum
715 1989 823 2044 diversi
841 1988 971 2046 videntur
987 1987 1086 2041 luisse.

247 2061 292 2128 72)
326 2059 406 2120 Haec
425 2068 469 2111 est
486 2073 546 2110 mea
563 2057 623 2109 loci
642 2059 855 2127 impeditissimi
873 2058 1091 2128 interpretatio,
1113 2056 1149 2110 de
1167 2056 1248 2126 cuius

324 2127 420 2200 priori
438 2135 519 2196 parte
534 2128 590 2193 jam
608 2125 671 2179 dixi
689 2127 720 2180 in
736 2128 852 2183 Adnott.
871 2145 900 2197 p·
917 2129 951 2180 72
969 2142 1010 2194 sq.
1054 2125 1138 2180 Dabo
1156 2135 1249 2180 tamen

324 2199 408 2252 etiam
429 2211 505 2260 eam,
534 2210 606 2261 quae
629 2196 717 2262 magis
741 2196 869 2251 minusve
891 2197 1119 2268 vulgorecepta
1144 2211 1249 2266 nuper-

324 2267 395 2320 rime
421 2265 507 2318 etiam
525 2264 725 2318 Hermanno
751 2265 867 2333 arrisin
900 2275 928 2322 et
952 2264 1066 2334 quidem
1092 2274 1177 2319 totam
1200 2278 1249 2318 se·

322 2337 442 2390 cundum
460 2334 543 2400 hujm
562 2334 677 2392 decreta
695 2346 732 2398 tv.
751 2351 828 2390 cens,
845 2353 873 2406 p.
888 2338 922 2390 7⁰
940 2351 1002 2402 sqq.
1020 2343 1051 2398 et
1068 2351 1097 2406 p.
1111 2335 1172 2400 68),
1190 2350 1248 2388 non

324 2422 391 2460 sane
410 2404 486 2472 quod
503 2419 562 2458 eam
581 2419 674 2458 veram
692 2419 756 2467 esse
774 2406 950 2470 existimem,
982 2419 1063 2471 quam
1081 2404 1128 2460 vel
1144 2418 1161 2456 a
1177 2419 1249 2474 pro·

323 2473 475 2530 habilitate
498 2473 654 2526 abhorrere
678 2489 814 2528 censeam.
856 2475 902 2528 En
918 2475 990 2527 haec
1014 2475 1076 2527 iore
1094 2481 1151 2528 est:
1186 2472 1248 2526 Fe·

324 2545 507 2598 stinantes
535 2544 580 2595 vel
614 2542 849 2612 paciscentes
881 2559 980 2607 sero,
1016 2550 1047 2596 ut
1073 2541 1247 2610 quendam

323 2616 389 2668 bec
407 2626 491 2664 cura
515 2610 676 2665 liberent
699 2612 849 2679 diisque
874 2611 1128 2666 immunitatem
1146 2626 1265 2683 prae»

323 2691 420 2736 stent
437 2696 478 2734 eo
496 2679 588 2746 quod
610 2679 711 2750 ipsae
735 2680 905 2751 precibus
931 2681 1141 2736 invocentur
1158 2695 1246 2735 neve

322 2747 572 2818 quaestionem
591 2751 795 2804 subeant-
815 2749 933 2804 Jovent
954 2751 1040 2805 enim
1064 2749 1161 2821 ipsas
1180 2763 1244 2802 suo

320 2815 514 2874 consortio
541 2818 708 2886 indignas
734 2829 849 2873 ratum
871 2835 949 2874 esse
967 2849 1000 2860 -—
1017 2834 1091 2874 nam
1113 2834 1151 2872 se
1174 2816 1244 2886 igi-

322 2902 378 2944 tur
395 2895 461 2942 cett.
506 2885 563 2940 Sed
581 2899 625 2942 est
645 2887 905 2958 operaepretium,
931 2889 1036 2959 placita
1055 2887 1243 2942 Hermanni

321 2970 405 3024 atque
418 2955 542 3012 rationes
555 2957 682 3024 singulas
695 2974 852 3012 recensere.
879 2957 1003 3012 Primum
1018 2958 1115 3026 igitur,
1133 2968 1164 3012 ut
1178 2973 1244 3010 sen·

320 3028 434 3082 tentiam
450 3027 510 3091 ejus
526 3029 560 3080 de
574 3029 660 3080 verbo
674 3024 854 3095 σπευδόμεναι
868 3038 896 3083 et
910 3029 945 3080 de
960 3037 1103 3082 structura
1117 3026 1245 3081 universi

321 3097 379 3150 loci
393 3097 535 3164 attingam,
556 3099 700 3166 postquam
714 3097 831 3165 monuit,
846 3097 968 3150 medium
981 3093 1146 3152 antitanes»
1159 3097 1243 3151 dnbi-

320 3166 421 3221 tationi
445 3167 598 3220 obnoxium
617 3182 680 3220 esse
699 3178 728 3219 et
751 3168 805 3221 hoc
832 3166 897 3220 loco
915 3165 1062 3236 aptissime
1079 3167 1140 3236 legi
1160 3181 1243 3236 posse

318 3233 509 3304 σπινὸόμεναι,
528 3234 615 3288 sicuti
633 3237 728 3302 Agam.
748 3236 799 3290 Vs.
819 3239 868 3291 167
889 3237 917 3289 in
936 3237 997 3290 cod.
1016 3251 1099 3292 mser.
1119 3236 1243 3304 Guelpb.

318 3323 371 3376 pro
384 3301 550 3369 απουὸόμενα
564 3316 721 3358 correctum
735 3316 811 3358 essct
823 3301 998 3373 σπενδόμενα,
1016 3306 1087 3360 haec
1098 3305 1243 3360 disserere

317 3375 429 3444 pergit.-
448 3374 532 3427 »Was
550 3373 619 3426 aber
633 3375 682 3426 das
696 3374 885 3444 Participium
899 3376 1024 3442 anlangt‚
1042 3391 1074 3429 so
1095 3375 1135 3430 ist
1149 3375 1244 3428 dieses

318 3453 447 3512 gesem,
481 3443 551 3498 weil
575 3443 663 3498 demit
687 3445 736 3496 das
761 3445 895 3512 folgende
917 3450 1058 3511 sarapion
1082 3444 1244 3498 verbunden

318 3515 434 3567 werden
456 3514 558 3576 sollte,
575 3529 634 3566 was
650 3514 769 3579 jedocb‚
793 3515 864 3566 naen
882 3513 1100 3580 Einschiebung
1117 3514 1168 3566 der
1186 3513 1244 3566 Pa·

318 3583 466 3649 renthese‚
498 3599 554 3636 nun
578 3583 666 3636 durch
686 3583 733 3635 ein
751 3583 913 3636 Anakolutb
937 3583 1058 3638 mittelst
1075 3584 1128 3636 dor
1144 3581 1243 3638 Parti-

316 3651 386 3706 keln
410 3648 462 3721 γὰρ
487 3643 534 3704 οὖν
556 3651 713 3719 gescbieht
764 3651 864 3705 Daber
891 3652 930 3707 ist
956 3654 1027 3706 auch
1051 3653 1244 3706 vermutlrlicln

317 3721 370 3774 der
388 3720 523 3786 singular
540 3717 704 3787 ousvdoptva
721 3734 756 3772 zu
782 3733 894 3785 semen,
925 3737 984 3778 was
1010 3723 1081 3775 auch
1099 3737 1134 3773 zu
1151 3719 1245 3786 ἐμαῖσι

316 3800 366 3856 gut
385 3802 487 3872 passer
523 3790 635 3844 Deinde
658 3798 810 3844 contortam
836 3791 914 3844 illam
939 3784 1140 3859 verba's‘palor
1157 3789 1244 3844 λιταῖς

316 3860 481 3929 explicandi
508 3859 658 3924 rationem,
683 3891 727 3926 λ-
746 3875 828 3924 quam
852 3875 920 3913 sane
942 3860 1057 3925 quidem
1081 3870 1111 3913 et
1136 3876 1188 3928 per
1211 3875 1243 3912 se

315 3939 392 3984 stare
411 3945 493 3999 posse
511 3927 585 3984 etin
605 3931 674 3994 hac,
707 3945 779 3996 quae
798 3929 882 3998 vulgo
900 3928 1049 4000 probatur.
1083 3928 1242 3984 sententiae

317 3999 538 4056 conformatione
557 3997 779 4068 probabiliorem
799 4013 877 4063 esse,
895 4013 977 4064 quam
997 3999 1132 4062 alteram,
1152 4014 1168 4048 e
1186 4012 1242 4062 qua

315 4086 443 4139 preces
460 4087 478 4124 a
495 4067 620 4123 Furiis
638 4067 731 4138 ipsis
748 4068 864 4122 luctae
879 4065 1086 4134 intelligendae
1100 4075 1175 4131 sunt,
1193 4066 1240 4119 lu-
