2782 4688
609 579 674 654 Vs.
703 575 785 652 704
808 529 896 680 sqq.
1009 539 1011 546 Α

370 727 468 812 Ἐμὸν
488 725 550 806 τόδ’
571 725 677 812 ἔργον,
697 729 840 802 λοισθίαν
859 730 962 816 κρῖναι
984 730 1077 805 δίκην·
1116 719 1119 730 ’

369 821 478 899 ψῆφον
501 811 530 875 d'·
545 810 679 900 Ὀρέστη
700 811 780 888 τήνδ’
802 809 858 897 e’yol
878 811 1107 897 προςθὴσομαι·

369 898 468 982 μήτηρ
479 895 546 1002 peip
564 897 650 972 ,οὔτις
671 897 750 960 ἐστίν
757 945 767 972 ,
790 897 812 974 ἥ
830 895 859 979 μ’
880 898 1021 980 ἐγείνατο,
1062 911 1064 915 ’

243 1041 247 1046 .
369 981 404 1049 τὸ
427 981 451 1044 δ’
474 1006 565 1068 αρσεν
585 984 660 1044 αἰνῶ
679 978 795 1058 πάντα,
817 979 894 1058 πλὴν
913 980 1010 1064 γάμου
1030 975 1139 1061 τυχεῖν,

370 1069 481 1130 ἅπαντι
500 1063 589 1146 θυμῷ
598 1113 609 1141 ,
632 1062 730 1167 κάρτα
752 1062 777 1126 d'
798 1066 857 1144 εἰμί
875 1064 930 1128 τοῦ
949 1062 1076 1148 πατρὸς.

376 1151 461 1214 Οὕτω
483 1146 625 1234 γυναικός
647 1175 683 1212 ου
703 1145 881 1232 προτιμήσω
903 1145 1009 1232 μόρον,
1091 1161 1094 1166 ’

370 1235 465 1317 ἄνδρα
487 1231 656 1308 κτανούσης
678 1230 821 1311 δωμάτων
842 1231 1015 1296 ἐπίσκοπον·

370 1322 441 1398 νικᾷ
462 1316 487 1379 δ’
507 1315 676 1400 Ὀρέστης,
698 1315 756 1378 κᾶν
776 1313 935 1398 ἰσόψηφος
953 1315 1060 1403 κριθῇ.

368 1399 550 1484 'Expellere'
572 1401 618 1472 ὥς
634 1399 760 1484 τάχιστα
780 1400 904 1483 τευχέων
921 1399 1049 1475 πάλους,

326 1491 329 1498 ’
369 1487 457 1560 ὅσοις
478 1487 627 1546 δικαστῶν
643 1481 722 1547 τοῦτ’
743 1483 919 1546 ἐπέσταλται
935 1483 1030 1558 τέλος.

325 1581 553 1662 Postremum
579 1595 641 1659 680
659 1595 894 1681 Areopagitae,
927 1602 1027 1676 prout
1053 1594 1132 1674 jussi
1153 1604 1258 1672 erant,

245 1684 400 1770 suffragia
420 1684 540 1743 ferunt.
583 1679 655 1740 Jam
677 1678 830 1742 Minerva
852 1681 958 1762 primo
979 1679 1069 1752 loco,
1092 1675 1172 1758 quid
1192 1680 1259 1740 sibi

180 1771 182 1775 ’
244 1791 262 1830 a
305 1765 405 1828 ndum
425 1766 484 1839 sit,
505 1770 542 1823 ut
562 1759 719 1840 judicium
741 1761 899 1826 adfinem
920 1758 1136 1842 perducatur,
1164 1781 1258 1843 prae-

244 1853 374 1926 droam,
402 1849 510 1908 album
531 1866 566 1906 se
591 1845 700 1906 Oresti
728 1846 890 1906 calculum
916 1843 1114 1924 adjecturam
1134 1845 1259 1930 signifi-

245 1944 299 1998 cat
318 1937 427 2013 itaque
448 1929 565 1992 deinde
587 1931 774 2005 constituit,
795 1938 832 1989 ut
853 1929 919 2007 hic,
940 1931 969 1990 ei
990 1930 1083 2009 paria
1103 1929 1258 2012 suffragia

243 2018 372 2094 ,habeat
393 2016 500 2077 victor
521 2009 651 2083 evadat;
674 2009 812 2091 denique
830 2031 883 2074 eos
903 2010 1037 2092 jndices,
1058 2010 1175 2094 quibus
1196 2010 1258 2074 hoc

244 2119 361 2162 munus
388 2095 575 2160 mandatum
601 2096 662 2174 sit,
690 2103 792 2158 sortes
819 2095 909 2174 jubet
936 2095 1060 2158 evaeis
1081 2096 1200 2174 ejicere
1219 2113 1257 2156 ac

243 2184 462 2246 dinumerare.
888 2233 890 2238 .

326 2267 375 2330 De
396 2264 458 2327 hoc
479 2263 552 2326 loco
575 2262 760 2342 nuperrime
782 2263 904 2326 acriter
925 2260 1173 2345 disputaverunt
1190 2261 1258 2326 viri

242 2351 352 2429 docti,
374 2356 432 2412 cfr.
455 2347 606 2422 Mueller.
629 2344 670 2406 ad
691 2345 884 2411 Eumenidas
904 2367 935 2430 p.
960 2350 1031 2426 161,
1053 2348 1130 2410 coll.
1150 2367 1183 2428 p.
1205 2348 1257 2426 78,

243 2437 341 2505 etin
368 2429 506 2516 append.
537 2451 568 2513 p.
589 2433 630 2494 40
650 2449 754 2514 seqq.;
785 2430 963 2493 Hermann.
993 2433 1029 2491 in
1057 2449 1194 2494 censura
1221 2450 1254 2512 p.

144 2547 148 2556 ·
244 2523 305 2588 189
325 2535 432 2600 seqq.;
471 2513 627 2586 Fritpsch.
667 2516 702 2576 in
740 2534 877 2576 censura
913 2534 945 2595 p.
974 2517 1014 2578 62
1035 2534 1121 2596 seqq.
1143 2524 1160 2576 .‘
1215 2513 1258 2574 Et

243 2604 426 2666 Muellerus
447 2597 578 2680 quidem
606 2595 791 2674 contendit,
820 2615 931 2681 parem
957 2600 1057 2658 fuisse
1077 2598 1257 2683 Areopagi·

243 2698 351 2752 terum
377 2702 565 2752 numerum,
597 2701 701 2762 neque
728 2682 821 2766 iungi
840 2679 1027 2744 Minervam
1048 2679 1166 2758 judicie
1187 2701 1257 2743 mu-

244 2790 340 2846 nere,
372 2765 445 2841 sed,
478 2762 565 2846 qnod
586 2762 643 2827 Vs.
666 2766 727 2828 705
748 2765 957 2847 profiteatur,
986 2767 1095 2828 facere
1115 2762 1255 2842 demum,

243 2853 342 2936 quum
363 2849 421 2912 Vs.
443 2852 504 2914 722
531 2856 565 2909 et
584 2850 645 2912 723
675 2850 824 2911 ultimam
854 2849 1046 2913 sententiam
1073 2847 1255 2928 eloquatur,

241 2945 410 3020 postquam
432 2929 573 3010 judicum
592 2932 710 2992 calculi
725 2940 758 2992 et
774 2931 841 2993 atei
862 2939 896 2997 et
915 2932 1004 3016 nigri
1026 2951 1119 3013 pares
1139 2932 1256 2992 utrim-

240 3040 305 3104 que
326 3019 448 3100 reperti
469 3018 544 3078 sint.
588 3015 794 3076 Hermannus
816 3023 931 3076 contra
952 3022 985 3076 et
999 3014 1198 3076 Friteschius
1220 3015 1257 3074 in

163 3159 167 3166 .
241 3125 281 3170 eo
307 3102 528 3175 consentiunt,
561 3096 648 3180 quod
670 3097 940 3182 Areopagitarum
962 3115 1132 3158 numerum
1153 3099 1257 3180 impa·

242 3185 461 3263 rem'volunt,
480 3181 637 3263 deamque
658 3184 761 3262 ipsam
784 3179 824 3252 de
845 3179 942 3247 caedo
962 3180 1174 3260 judicantem,
1196 3201 1256 3244 nec

241 3290 320 3336 uero
341 3266 545 3330 solummodo
564 3273 714 3330 eventum
742 3264 858 3342 judicii
879 3265 918 3336 ab
941 3263 1128 3338 hominibus
1149 3264 1257 3331 habili

241 3356 521 3438 pronuntiantem
548 3350 709 3428 conjicere
731 3347 916 3412 Minervam
937 3348 1128 3434 suffragium
1146 3367 1254 3426 suurn,

238 3437 368 3520 dequo
390 3435 447 3499 Vs.
470 3436 531 3502 705
552 3432 656 3504 dicat.
690 3434 725 3499 in
750 3451 883 3504 urnam.
916 3440 951 3494 et
971 3429 1006 3494 id
1027 3429 1157 3512 quidem
1179 3443 1255 3498 aute

240 3542 370 3588 versum
396 3521 474 3596 712,
512 3519 575 3580 hoc
601 3535 681 3580 vero
708 3536 818 3599 parem
840 3514 969 3579 demum
1001 3513 1166 3582 redditum
1187 3535 1256 3580 esee

240 3606 444 3670 calculorum
482 3621 661 3664 numerum.
725 3599 846 3677 Nobis,
868 3608 919 3658 nt
950 3600 1060 3660 rtatim
1094 3617 1255 3679 ponamus

241 3689 434 3756 senteutiam
463 3693 625 3762 nostram,
665 3681 707 3745 ad
736 3682 825 3745 hunc
855 3681 986 3763 quidem
1023 3682 1133 3745 locum
1158 3685 1256 3746 unice

229 3854 450 3926 ¹informarit.
491 3870 685 3936 quamnam
721 3853 860 3938 ingenue
896 3851 1053 3926 fatemur,
1095 3850 1256 3914 nonnulla

241 3943 346 4005 inesse
374 3940 409 4000 in
428 3936 671 4019 disputatione,
700 3953 796 4018 qnam
816 3935 870 3996 uir
897 3933 1096 3998 clarissimus
1126 3927 1167 3996 de
1188 3933 1255 4004 cal-

242 4025 317 4088 culo
343 4023 515 4088 Minervae
541 4021 686 4087 icrtituit
712 4022 749 4085 in
776 4013 922 4102 append
941 4016 963 4087 l.
985 4017 1030 4110 l.,¹
1056 4015 1108 4088 de
1134 4016 1254 4100 quibu·

140 3775 145 3781 ”
240 3783 318 3857 apta
345 3789 413 3840 esee
432 3767 564 3840 videtur
585 3787 624 3830 ea
651 3768 702 3830 rei
729 3767 834 3843 ratio,
863 3785 959 3848 quam
979 3764 1162 3828 Muellerus
1189 3767 1256 3828 sibi
1367 3791 1368 3794 ¹
