2796 4694
222 542 434 636 Quaeritur,
457 547 547 616 num
569 540 673 636 inde,
700 539 792 640 quod
815 541 884 616 hae
903 553 1053 618 tantum·
1066 549 1126 619 res
1142 531 1244 620 coni·

222 657 476 718 memorantur
507 641 677 740 tanquam
708 669 791 738 eae,
828 643 867 718 in
892 643 1020 740 quibus
1045 643 1244 720 discrimen

222 744 319 840 inter
352 745 536 842 Gorgones
573 758 609 818 et
642 745 770 822 Furias
801 744 1021 846 Aeschyleas
1058 746 1244 840 consistat,

223 844 392 948 continuo
418 845 666 944 argumentari
695 846 820 939 liceat,
864 861 1036 942 utrasque
1059 845 1244 944 ceteroqui

222 947 303 1044 pa'ri
328 945 438 1019 finisse
465 946 602 1042 specie,
643 961 684 1019 ut
712 946 826 1048 igitur
857 949 916 1023 vel
947 945 1027 1024 hac'
1050 947 1243 1026 ratiocina-

221 1046 319 1131 tione
351 1046 626 1140 comprobetur,
667 1047 760 1148 quod
792 1044 935 1143 pridem
966 1041 1147 1123 assertum
1177 1075 1243 1126 nu·

222 1150 400 1244 perrime,
434 1171 483 1220 en¹
502 1163 604 1244 parto
629 1148 772 1244 quidem
778 1201 791 1240 ‚
817 1161 988 1248 negatum
1013 1149 1243 1242 est1⁷)·,Fu-‘

223 1247 288 1323 riis
322 1253 471 1345 praeter
486 1249 613 1346 ¹pull'as¹
637 1248 778 1326 tunicas
813 1263 849 1322 et
872 1263 1052 1345 serpentes
1076 1249 1243 1348 crinibus

221 1349 395 1446 implexos
423 1353 634 1448 Gorgonum
664 1375 752 1423 cum
783 1347 993 1424 uniuersam
1008 1351 1133 1426 faciei
1157 1377 1245 1427 con·
1275 1387 1277 1394 ¹
1358 1349 1362 1356 ’

221 1448 479 1526 formationem
504 1465 585 1528 tum
610 1449 729 1525 crines
753 1450 850 1546 ipsos
873 1449 1038 1532 hirsutos¹
1054 1459 1159 1556 atque
1184 1453 1242 1526 de-

221 1554 349 1646 jectos,
371 1577 500 1628 nasum
519 1550 669 1644 simum,
695 1576 738 1626 os
763 1551 836 1626 late
853 1549 1051 1646 dehiscens,
1074 1553 1242 1656 linguam

220 1653 451 1750 projectam,
472 1652 592 1726 dentes
613 1653 800 1746 restrictos
824 1651 987 1738 tributos·
1002 1655 1146 1728 esse'ab
1169 1654 1241 1729 Ae-

220 1753 344 1852 schylo
361 1751 410 1844 18)
416 1755 444 1845 ,'
470 1777 560 1850 quae
594 1753 792 1850 peculiares
821 1757 909 1828 sunt
933 1768 969 1833 ct
983 1813 987 1820 .
1002 1754 1162 1838 mammo
1187 1753 1242 1829 iu·

221 1855 349 1953 signes·
366 1853 547 1952 Gorgonei
573 1868 709 1949 partes,
743 1875 837 1950 snam
858 1855 914 1953 de·
931 1853 1044 1929 oculis
1070 1855 1242 1934 rubicun-

222 1950 298 2046 dis,
335 1953 508 2038 atrociter
533 1953 771 2054 suigentibus,
808 1954 944 2045 torvis,
959 1953 1037 2030 [vel
1060 1955 1140 2032 ideo
1165 1983 1241 2032 ser-

202 2051 296 2154 mo·
310 2079 400 2155 esse¹
417 2055 556 2156 nequit,
599 2053 691 2149 quod
712 2058 760 2128 P·
805 2054 847 2128 ia·
862 2056 992 2138 ‚Furias
1019 2055 1240 2136 dormientes

221 2155 427 2251 describit,
464 2179 683 2252 quamquam
727 2154 785 2230 'la
806 2219 810 2228 .
830 2151 1027 2230 oculorum
1063 2157 1243 2236 'attributa

220 2255 577 2366 Furiarum‘pariter
602 2271 706 2365 atque
729 2257 940 2372 Gorgonum
965 2258 1113 2360 propria
1138 2272 1243 2338 erant

354 2443 411 2456 nnus
441 2451 445 2454 .

256 2580 260 2589 ¹
294 2558 450 2612 ¹*terrebunt
467 2559 502 2611 ad
521 2559 668 2613 horrorem
685 2559 862 2625 movendum,
891 2556 977 2622 nnita,
988 2555 1128 2624 ejusmodi
1145 2555 1242 2625 sigui-

319 2628 416 2687 ficatio
433 2627 591 2696 *reperitur
609 2648 640 2686 -s
658 2643 737 2695 quam
766 2629 839 2681 aud
876 2625 1004 2691 reliquos
1036 2635 1136 2694 poetas
1166 2627 1243 2681 bunc

234 2723 240 2732 ·
320 2699 402 2750 usum
417 2696 600 2761 assignatum,
618 2708 661 2752 sat
679 2696 759 2750 multi
795 2704 877 2750 ocent
895 2694 1065 2762 scriptorum
1085 2695 1154 2747 ioci.
1179 2692 1242 2754 Sed

259 2787 273 2802 ι·
310 2765 470 2818 nomilia·
498 2767 641 2834 primitiva
669 2765 758 2820 tuerit
785 2779 885 2820 caussa
916 2764 1097 2818 vehementer
1128 2761 1239 2817 dubito.

318 2835 409 2888 Faces
428 2834 540 2887 omnino
559 2834 692 2906 propriae
709 2845 774 2890 sunt
792 2833 849 2887 diis
865 2831 986 2893 interis,
1013 2833 1050 2886 de
1067 2849 1123 2900 quo
1140 2829 1241 2900 dispu-

235 2954 240 2964 ,
265 2922 270 2943 ·
306 2902 391 2962 'tavit
417 2902 604 2960 Prelierus
629 2905 648 2958 i·
674 2915 706 2958 c.'
726 2923 754 2974 p.
771 2905 808 2958 stt
824 2913 854 2955 ct
879 2901 941 2954 adu.
959 2901 1002 2956 32.
1021 2931 1055 2942 -
1076 2923 1079 2930 ⁴
1098 2899 1240 2966 Ceterum,

234 3013 258 3032 ·.
290 2972 397 3032 *misces
416 2971 563 3032 Furiarum
583 2991 599 3028 e
617 2984 683 3028 taxo
703 2989 768 3026 esse
791 2970 915 3026 creditas
934 2969 1041 3036 tuisse,
1069 2970 1206 3027 discimus
1223 2987 1241 3022 e

250 3079 253 3086 ·
316 3039 389 3098 Stat.
408 3041 497 3094 Tbeb.
517 3042 630 3107 tv,485
646 3053 675 3096 et
692 3041 803 3104 v111‚9
820 3039 931 3106 iisque,
950 3054 1021 3104 quae
1038 3039 1071 3094 ad
1092 3049 1242 3105 utrumque

244 3162 252 3178 ,
289 3116 305 3151 '·
316 3111 408 3166 locun
426 3111 556 3164 adnotata
571 3122 636 3164 sunt
649 3127 665 3163 a
678 3109 825 3176 Lucretio,
844 3107 892 3180 qui
905 3123 1031 3166 caussam
1044 3108 1144 3173 effert,
1163 3108 1240 3177 quod

250 3213 252 3222 ·
285 3180 385 3236 ‹2haec
401 3180 489 3235 arbor
506 3197 645 3238 venenosa
662 3181 710 3236 sit.

233 3280 282 3360 li)
302 3295 365 3357 ,Ab
381 3279 580 3364 Hermanno
598 3311 673 3350 cens.
692 3311 721 3366 p.
738 3293 799 3349 tot.
818 3302 824 3312 ’
842 3283 846 3292 ’

234 3413 281 3478 iti)
317 3411 455 3480 Singulae
482 3409 593 3478 quidem
621 3409 849 3478 significationes
876 3411 928 3464 hac
961 3410 1056 3464 tabula
1082 3415 1240 3476 contentae,

122 3487 124 3494 '
182 3485 185 3499 ¹
316 3497 385 3550 quas
405 3480 542 3549 imprimis
561 3497 612 3548 pro
636 3478 733 3548 lingua
758 3483 885 3547 projecta
906 3479 1240 3534 adduxerunthetti·

250 3553 253 3563 '
291 3551 420 3618 'Age'rus
439 3551 458 3602 l.
477 3568 500 3604 c.
519 3568 546 3620 p.
565 3549 615 3602 112
633 3563 675 3616 sq.
695 3560 724 3602 et
741 3549 955 3614 Muellerus,
974 3550 1052 3602 solae
1070 3561 1168 3616 perse
1186 3548 1241 3602 mi·

315 3619 391 3673 nime
408 3623 486 3672 certa
509 3617 646 3671 idoneare
664 3617 807 3672 continent
830 3631 1003 3687 argumenta.
1047 3614 1104 3670 Sed
1124 3618 1242 3672 unirer·

233 3692 238 3701 '
314 3687 371 3741 sali
392 3687 444 3741 iiia
464 3685 680 3741 ratiocinatione
705 3699 751 3740 res
770 3703 829 3740 mea
852 3688 964 3754 quidem
986 3686 1128 3740 sententia
1145 3689 1241 3740 admo·

230 3759 241 3789 '¹
314 3758 380 3810 dum
404 3753 564 3826 probabilis
583 3754 720 3809 redditur.
756 3755 802 3808 De
822 3755 942 3822 reliquis
968 3753 1115 3812 attributis
1134 3757 1178 3808 uei
1197 3756 1240 3810 si-

314 3829 349 3879 'ue
376 3825 435 3880 iila*
454 3820 640 3880 confidentius
667 3825 922 3896 pronunciaverim.
957 3825 1066 3879 Dentes
1092 3823 1241 3879 restrictos

252 3897 275 3930 ι’
315 3895 401 3948 habet
427 3894 511 3950 etiam
538 3891 602 3962 Κῆρ
630 3891 660 3946 iu
693 3905 774 3947 scuto
800 3891 936 3946 Herculis
964 3906 992 3948 et
1019 3907 1085 3946 ersa
1111 3893 1240 3964 Cypseii.

315 3965 476 4017 Draconem
492 3965 591 4018 dentes
606 3961 703 4016 Furiis
721 3959 861 4017 adscribit
879 3962 970 4016 scitci.
984 3961 1018 4015 ad
1030 3961 1132 4033 Eurip.
1144 3964 1240 4014 Orest.

315 4034 434 4089 vem
452 4033 567 4098 Martii„
598 4032 663 4096 sed,
694 4031 870 4097 arridetur,
902 4031 1043 4086 sineuiia
1061 4031 1238 4097 auctoritate,

313 4104 377 4158 scio
396 4104 484 4158 verbo
502 4096 694 4170 dociosso'dus
710 4102 785 4158 salso
806 4101 956 4156 intellecto
976 4101 1116 4156 inductus.
