2652 4688
1021 353 1095 432 289

87 583 90 593 .
117 559 186 603 mm
201 539 358 621 'spiritum
374 529 515 610 attonde,
537 530 594 595 sed
611 540 748 594 testatur
763 532 855 594 illam
872 529 972 592 etiam
989 528 1093 592 scbol.

146 625 336 687 slemmate.
953 646 955 656 ·

81 625 153 792 Pa}
171 709 211 770 30
223 726 270 786 sq.
289 701 380 785 quod
407 702 588 782 suspicatus
616 721 687 766 sum
709 700 766 765 Vs.
791 703 859 764 164.
880 694 996 781 θόρνον
1016 698 1097 756 scri-

88 789 256 856 ..bendum
279 807 364 859 csse,
393 784 526 864 ,judicio
548 784 720 846 doctorum
742 785 910 846 homiuum
933 783 1095 862 relinquo.

87 910 91 924 ·
119 869 444 944 Omnirdubitationc,
460 877 587 944 careret
607 869 782 930 Fritmobii
803 866 1005 931 emendatio:
1034 867 1098 926 aa·

118 981 170 1018 κον
191 953 253 1033 (sic
274 973 338 1018 scr.
360 974 391 1034 p.
413 953 553 1027 3o,1in.
576 951 668 1030 ult.);
711 953 811 1013 immo
838 950 915 1015 vide
934 969 977 1010 au
998 950 1098 1012 etiarn

86 1087 92 1094 -
118 1036 257 1118 θρόμβον
278 1037 360 1100 ferri
380 1039 501 1117 possit,
530 1053 594 1096 non
617 1032 749 1116 quidem
771 1055 810 1098 eo
831 1053 942 1108 sensu,
964 1051 1099 1114 quomo

87 1171 92 1176 -
118 1125 226 1186 verbis
246 1124 346 1183 aliter
371 1121 570 1182 constructis
589 1121 765 1180 extricavit
783 1119 1009 1190 Hcrmaunus,
1042 1116 1099 1178 sed

89 1253 92 1262 ·
122 1207 240 1280 simili,
272 1225 311 1268 ac
329 1200 466 1284 θρόνον,
496 1204 735 1287 significatione
756 1201 906 1264 adhibito
926 1199 1097 1264 vocabulo.

89 1335 93 1344 -
122 1289 187 1351 cfr.
203 1288 346 1370 Hesych.
374 1286 517 1369 θρανόαν,
539 1283 687 1367 θρόμβον.
739 1284 888 1367 Θρόμβοι,
911 1283 986 1366 αἷμα
1005 1283 1099 1368 παχύ,

120 1370 276 1453 πηκηγός,
300 1371 344 1444 oio
364 1371 503 1450 βοννοκΙ
520 1370 592 1448 (ubi
609 1367 676 1434 vid.
695 1369 804 1432 adnot
819 1371 965 1446 Alberti,
988 1372 1045 1451 qui
1065 1373 1101 1430 iu

89 1516 92 1522 .
124 1457 228 1518 Gloss.
243 1457 360 1518 Jatric.
378 1453 475 1516 MSS.
492 1474 553 1534 pro
572 1451 726 1533 Θρόμβος,
748 1450 868 1536 βρόμος
884 1454 1102 1536 probabiliter

91 1595 95 1604 .
124 1542 292 1604 rescribit:
332 1537 493 1621 Θρόμβος,
525 1535 666 1617 θρόνος).
715 1537 876 1621 Θρόμβος,
910 1534 1029 1618 ὑψηλός
1048 1536 1102 1600 τό-

88 1671 93 1678 .
123 1647 192 1696 πος.
235 1621 358 1686 Eodem
380 1631 505 1704 spectat
525 1624 612 1703 quod
634 1622 736 1684 schol.
760 1622 802 1683 ad
820 1622 920 1705 Sopb.
944 1623 1100 1686 Trachin.

122 1707 179 1768 Vs.
202 1710 271 1772 792.
296 1706 414 1768 tradit:
452 1701 594 1786 θρόμβος
619 1703 677 1786 γὰρ
701 1707 717 1767 ὁ
740 1704 847 1786 ὅρκος,
879 1705 1016 1768 reddens
1044 1707 1103 1768 ille

124 1790 515 1873 nimirumsophoclcum
536 1790 672 1852 verbum
693 1788 888 1868 adjectivum
905 1787 1102 1872 θρομβοόδεις

92 1933 95 1940 .
123 1893 206 1938 voce
222 1874 395 1954 ἐπηρμένοι.
600 1909 601 1916 1
764 1931 767 1940 .

84 1995 124 2006 —-
145 1960 196 2036 32,
218 1956 261 2018 ad
281 1959 337 2022 Vs.
353 1961 424 2024 152.
455 1955 660 2029 Vocabulum
677 1957 842 2038 μεσολαβεῖ
857 1979 897 2020 cx
915 1980 952 2022 ea
969 1960 1036 2024 loci
1054 1962 1103 2022 in-

126 2041 341 2128 terpungendi
359 2045 499 2118 ratione,
521 2059 618 2122 quam
635 2059 693 2103 nos
707 2043 849 2124 amplexi
863 2063 984 2123 sumus,
1005 2047 1106 2109 etiam

89 2185 94 2200 ,
126 2128 254 2208 passivo
272 2145 367 2192 sensu
384 2128 457 2207 cepi
479 2133 586 2208 potest
603 2127 659 2200 ita,
681 2134 720 2188 ut
738 2124 779 2188 de
800 2127 967 2192 locutione
988 2125 1106 2210 λαμβό-
1224 2133 1234 2152 “

125 2232 186 2272 νεκν
207 2208 332 2293 κέντρον
352 2212 476 2295 cogites
504 2209 608 2272 simili
636 2209 705 2287 illi,
740 2229 821 2292 quae
842 2212 930 2274 iutra
950 2213 1007 2277 Vs.
1033 2217 1103 2284 172.

44 2351 47 2356 ,
126 2296 306 2376 reperitur:
346 2290 510 2373 λαμβάνειν
531 2286 643 2366 πτηνόν
664 2289 819 2373 ἀρνηοννὶν
840 2292 928 2374 ὅφιν,
964 2317 1105 2378 quacum

125 2379 186 2438 cir.
208 2375 386 2457 Euripidea
407 2377 476 2438 Ion.
498 2377 555 2436 Vs.
577 2375 650 2438 525.
670 2375 807 2438 Marcu:
830 2378 901 2438 sibu
922 2377 996 2452 τόξα
1014 2403 1106 2441 πνευ-

127 2455 228 2536 μόνων
248 2460 362 2538 λαβεῖν.
404 2461 470 2523 ·Pro
492 2460 550 2522 illa
570 2456 657 2538 apud
670 2457 843 2520 Musaeum
864 2481 962 2524 carm.
986 2461 1027 2525 de
1039 2464 1107 2526 Hc-

92 2593 98 2600 .
128 2561 209 2604 rone
230 2551 263 2605 et
284 2541 437 2612 Leandro
458 2541 514 2603 Vs.
540 2545 609 2605 166.
633 2549 698 2602 est:
734 2541 879 2625 δέχεσθαι
899 2545 1042 2629 κέντρον,
1064 2546 1106 2610 ad
1171 2547 1184 2579 ·’

127 2647 225 2706 quem
245 2627 354 2692 locum
374 2629 471 2708 plura
492 2623 583 2686 dedit
602 2623 827 2688 Heinricbius.

87 2747 127 2758 ..
150 2714 268 2792 362q„
290 2709 332 2774 ad
353 2711 470 2780 ecboll.
492 2711 527 2770 in
549 2708 606 2770 Vs.
629 2711 700 2773 165.
742 2708 851 2773 Satius
874 2715 954 2791 erit,
977 2719 1106 2800 opinor,

128 2813 147 2854 a
169 2794 370 2870 schollastis,
392 2791 645 2875 utfiophocleo,
672 2793 785 2856 Furias
807 2815 880 2858 cum
900 2798 1009 2862 Parcis
1030 2821 1108 2865 con·
1223 2835 1227 2846 .

129 2880 216 2946 fusas
237 2886 389 2940 statuere.
428 2879 478 2940 Dc
495 2877 603 2940 verbis
621 2875 696 2940 όσον
713 2874 774 2956 (τό)
792 2879 842 2940 ἐπί
861 2903 912 2943 sos
925 2887 986 2947 cfr.
1003 2887 1106 2953 schol.

132 2962 168 3025 B.
191 2959 232 3025 ad
253 2959 294 3022 Sc
319 2971 340 3022 t.
363 2982 390 3024 c.
412 2961 517 3024 Theb.
539 2960 596 3024 Vs.
620 2963 691 3026 993.
714 2959 864 3026 Schuetz.

89 3079 131 3095 .-
153 3049 210 3122 40,
231 3044 274 3106 ad
294 2982 353 3106 ils.
366 3049 435 3110 177.
474 3043 541 3106 Cur
562 3035 792 3108 formationem
814 3053 1048 3134 καρανησαῆρες
1067 3057 1108 3118 ab

132 3130 294 3208 omnibus,
315 3125 403 3211 quod
423 3131 535 3200 sciam,
558 3128 653 3190 libris
674 3138 708 3191 et
727 3132 858 3215 scriptis
879 3143 913 3196 et
933 3137 1109 3219 impressis,

132 3215 191 3294 qui
222 3211 318 3276 fidem
345 3222 530 3290 merentur,
570 3211 827 3295 suppeditatum,
855 3215 984 3282 'contra
1012 3243 1110 3304 quam

131 3295 349 3362 Schwenckio
370 3307 404 3360 et
417 3295 614 3360 VVcllaucro
634 3299 739 3360 visum
761 3308 826 3377 est,
849 3321 922 3364 cum
944 3307 1110 3386 prioribus

94 3443 97 3448 ,
131 3382 225 3459 hujus
247 3381 375 3446 fabulae
392 3379 574 3446 editoribus
589 3379 895 3463 repudiavissemus,
918 3389 1111 3469 explicatius

132 3465 302 3547 disputare
323 3464 528 3536 nolebamus3
550 3462 618 3530 vid.
640 3473 747 3528 tamen
768 3466 833 3544 jam
854 3469 995 3536 Lobcclr.
1017 3493 1111 3554 para-

134 3549 247 3630 lipom.
277 3568 327 3635 gr.
346 3547 409 3612 Gr.
437 3550 564 3612 interea
589 3546 673 3616 edit,
695 3569 726 3630 p.
744 3551 806 3614 449
827 3561 860 3614 et
881 3553 990 3618 adnot
1007 3558 1112 3621 75.-

132 3631 217 3698 Mox
246 3634 353 3698 scribe
373 3627 615 3715 ὀφθαλμωρύχοι
641 3651 716 3696 cum
737 3633 945 3713 Robortello;
985 3646 1113 3705 monuit

134 3716 235 3778 ctiam
252 3714 401 3784 Ινολνοολν
419 3715 461 3778 ad
482 3714 695 3800 Sopbajac.
719 3737 750 3800 p.
773 3719 844 3784 228.

90 3832 135 3846 -
157 3801 209 3876 47,
225 3798 266 3860 ad
279 3800 335 3862 Vs.
348 3802 419 3866 180.
446 3801 495 3861 Dc
508 3799 668 3862 vocabulo
683 3797 792 3881 λυμμός
812 3803 924 3868 eadem
938 3811 990 3873 v'el
1007 3813 1112 3873 omni.

136 3901 181 3944 uo
202 3883 316 3946 velex
334 3894 444 3965 parte,
472 3901 554 3966 quau
575 3883 779 3962 Hesychius,
810 3888 945 3954 tradum
965 3893 1112 3974 Photius,

135 3963 271 4042 Suidm,
299 3965 443 4046 Gyrillus
466 3969 545 4032 tier.
568 3986 663 4031 mscr.
686 3968 774 4050 apud
793 3972 918 4036 Albcrt.
942 3975 983 4036 sd
1006 3979 1114 4040 locum

136 4049 307 4131 liesyclrii.
338 4049 490 4117 Ceterum
507 4049 608 4133 probe
625 4053 713 4130 scio,
735 4054 827 4118 illam
847 4061 1075 4125 formationem
1095 4082 1113 4123 a
