2652 4688
1025 305 1101 430 att
1137 389 1140 398 ·

119 542 177 604 »Li-
199 532 406 602 Bassirilicvi
428 530 565 596 Antichi
593 529 629 592 di
655 529 795 608 Roma«,
836 529 876 594 T.
899 530 932 607 1,
973 549 1004 614 p.
1029 535 1102 612 ΗΘ,

118 623 223 690 adnot.
237 627 287 699 -3,
325 619 509 692 affirmans,
547 615 637 678 uollc
659 624 789 698 postam
811 613 992 678 Pentheum
1012 620 1105 684 timi.

118 710 228 775 ditatis
249 719 405 768 accusare
412 746 423 778 ,
456 699 512 762 sed
534 700 637 779 nihil,
666 701 733 762 nisi
753 698 882 779 dicero,
914 701 1013 762 illum
1033 711 1105 766 mn.

117 807 211 880 quam
241 795 346 854 feram
379 787 415 846 in
446 786 624 848 venatione
653 792 783 866 captam
813 786 947 867 perisse.
1013 787 1105 850 Huic

116 873 328 961 explicationi
349 869 438 932 nihil
459 869 587 946 obstat,
612 869 691 930 -nisi
713 877 865 931 constans
885 889 963 932 usus
984 868 1106 936 dictio·
1146 935 1154 948 ,

117 965 165 1027 nis
186 955 267 1042 layci
290 957 400 1031 δίκην,
434 973 530 1038 quem
551 954 749 1017 notavimus.

79 1075 155 1160 pag:
173 1072 233 1143 34,
263 1061 348 1130 mad.
410 1059 545 1124 Nollem
566 1057 608 1125 do
628 1080 670 1124 no
693 1062 763 1124 otio
784 1063 984 1141 tacuissem,
1016 1065 1107 1169 quod

118 1156 248 1219 facessit
260 1149 397 1215 verbum
413 1141 586 1227 οὐπώποτε,
609 1146 639 1206 si
661 1081 701 1207 sd,
717 1145 781 1207 hoc
801 1155 900 1228 poeta
915 1167 982 1230 ,pro
998 1146 1108 1214 οὺποτε

116 1245 309 1322 usurpatum
329 1241 470 1310 statuas,
512 1229 554 1292 dc
580 1248 645 1312 quo
673 1229 742 1293 vid.
763 1229 1042 1297 Lobccls..aduot.
1065 1235 1109 1298 ad

117 1321 293 1406 Phrynich.
314 1339 348 1404 p.
370 1318 443 1381 458.
498 1314 549 1378 De
569 1313 741 1378 vocabulo
759 1313 844 1378 οὔπω
873 1335 940 1398 pro
963 1320 1110 1400 simplici

74 1419 77 1426 '
119 1405 156 1474 od
193 1407 303 1490 posito
343 1400 431 1486 dixit
462 1396 654 1466 Boissouad.
695 1395 739 1460 ad
777 1399 935 1466 Philostr.
969 1402 1108 1468 Heroic.

117 1514 148 1576 p.
168 1493 242 1562 5⁰2.
285 1487 384 1552 Certo
411 1484 471 1546 ills
491 1483 586 1548 vorbi
611 1478 771 1548 οὐπώποτε
798 1502 877 1548 usus
898 1505 965 1556 non
985 1495 1111 1555 temero

118 1579 253 1666 tragicis
275 1573 384 1656 poetis
404 1567 600 1632 tribuendus
621 1576 680 1630 est.

78 1713 119 1736 -ι
139 1691 189 1754 42.
244 1683 330 1760 Illa,
363 1698 461 1762 quam
481 1677 720 1741 vocabulorum
741 1677 860 1761 stirpi,
893 1676 1019 1764 dms
1042 1683 1112 1768 agi.

117 1783 189 1850 tur,
231 1767 402 1854 propriam
429 1763 531 1826 fuisso
557 1759 724 1838 diximus,
757 1764 810 1825 vis
838 1771 874 1824 ct
898 1766 1111 1852 significatio,

122 1845 221 1922 ctiam
247 1855 285 1914 in
312 1851 364 1912 his
385 1845 508 1910 Suidac
529 1846 660 1922 verbis,
700 1867 725 1908 s.
746 1866 778 1908 v.
800 1844 934 1930 χλούνης
961 1850 1113 1932 prolatis,

119 1935 395 2026 deprehanditur:
430 1933 484 1993 καὶ
503 1927 658 2013 χλούνης,
694 1926 803 2010 pavide
823 1929 1014 2009 πλήκτης.
1058 1933 1113 1997 Si-

119 2027 190 2092 mul
203 2029 306 2099 uota,
325 2017 429 2082 verbo
449 2012 595 2098 χλούνης,
618 2015 746 2098 pariter
766 2023 864 2098 atquo
885 2019 962 2080 loco
970 2017 1115 2101 Aeschy-

118 2116 192 2191 tao,
224 2107 366 2171 activam
387 2101 663 2186 significationem
685 2099 801 2165 tribui.
1053 2137 1055 2144 ,

75 2221 129 2289 Ad
149 2239 209 2296 ea,
246 2223 329 2300 quite
358 2228 431 2295 pag.
455 2209 534 2282 237,
569 2217 689 2271 versus
712 2209 811 2272 finem
838 2211 996 2298 paginas,
1029 2209 1112 2290 dixi,

118 2303 262 2378 adnoto,
302 2294 452 2374 exempla
482 2294 740 2374 praepositionis
770 2295 807 2353 in
837 2300 903 2356 una
935 2295 1114 2379 eademque

120 2383 348 2450 enuntiatione
380 2395 454 2436 cum
484 2372 623 2436 diversis
652 2376 781 2437 casibus
803 2385 1011 2442 constructae
1038 2397 1115 2463 cup-

119 2468 269 2558 peditarc
290 2459 419 2526 Jacobs.
442 2453 554 2519 adnot.
577 2455 619 2517 ad
640 2457 774 2520 Authol.
794 2459 864 2537 ΙΙΙ,
893 2483 925 2543 p.
950 2463 1028 2543 194,
1043 2465 1115 2536 ’286

119 2565 154 2620 ct
174 2543 355 2616 Bernhard.
378 2541 515 2628 syntax.
543 2559 573 2624 p.
597 2543 658 2606 200
679 2563 726 2626 sq.
789 2543 876 2631 Ergo
899 2541 1114 2611 adnotatione

119 2634 298 2710 Lobcckii,
321 2627 482 2709 adquam
504 2628 705 2708 provocavi,
727 2629 763 2688 iu
785 2627 846 2690 hac
867 2627 1001 2712 quidem
1022 2649 1114 2696 caus·

120 2745 175 2805 sa,
202 2737 270 2782 nou
291 2733 375 2800 opus
394 2718 455 2774 cst.

78 2838 159 2922 Pag.
182 2829 263 2906 238,
292 2824 352 2890 lin.
376 2825 396 2887 4
416 2827 493 2906 post
516 2818 623 2884 »vid«
649 2819 774 2886 excidit
796 2821 922 2891 »plut«

75 2981 120 2998 ·-
141 2943 227 3020 24⁰,
259 2937 317 3000 lina
341 2937 361 3000 4
381 2951 445 2996 scr.
468 2927 736 3018 (utram-»qus«

368 3273 818 3298 ·········'······’···············t··'··.
825 3291 827 3296 .
