2728 4690
234 340 310 418 m

232 519 370 583 teitus.
421 513 643 598 Deprerbtnm
670 534 740 580 eno
759 514 955 580 vocobulum
976 516 1098 599 eonor
1118 527 1256 602 praeter

232 621 379 666 cunerem
398 619 419 662 e
433 597 577 678 Stenlejo
597 601 732 662 allatam
750 601 815 679 jam
836 602 935 662 etiem
956 601 1108 666 exindee
1173 606 1256 680 itur,

232 684 322 772 quod
351 701 482 748 versum
502 683 565 748 867
592 681 735 748 vidimus
764 686 874 746 vomui
894 685 957 750 864
977 687 1133 766 'explicen
1198 688 1254 747 in-

231 771 369 834 servire.
416 762 510 828 Unde
529 786 643 829 rursus
658 767 821 844 efficitur,
852 765 990 846 Steuieji
1011 770 1255 836 correctionem

177 900 181 909 .
231 855 348 918 falsam
368 869 454 924 osse;
475 859 607 932 oportet
620 852 718 928 enim,
738 860 777 912 ut
796 851 931 922 verbum
952 861 1142 934 reponatur,
1163 849 1253 936 quod

231 935 277 1000 ed
294 935 470 1000 vocabuiar
506 931 540 994 ἔν
566 955 599 998 re
618 932 743 1008 ποντίας
765 931 879 1020 δρόσου
906 937 1073 1018 respiciat.
1137 935 1252 1018 ltaque

231 1039 299 1082 nou
321 1017 455 1105 dubium
476 1037 545 1078 esse
572 1025 693 1099 potest,
722 1019 802 1100 quin
823 1025 920 1101 poeta
947 1037 1009 1100 pro
1029 1021 1149 1104 βροτῶν
1169 1021 1251 1082 ecri-

231 1107 349 1190 pserit:
369 1102 506 1166 ποτοῖο.
560 1107 613 1169 Koe
633 1095 693 1174 ude
710 1103 812 1164 ποτοῖο
832 1103 965 1184 quinem
979 1105 1048 1178 sit,
1079 1104 1185 1172 cuivis
1207 1105 1250 1165 li.

230 1189 331 1272 quet
371 1187 409 1247 ln
440 1187 516 1247 loco
542 1124 703 1267 quodam,
737 1205 832 1268 quom
860 1187 975 1249 citavit
993 1185 1179 1249 Lobeckius
1211 1187 1249 1248 iu
1285 1203 1289 1216 ·

229 1270 443 1362 Aglacpham.
466 1269 505 1330 T.
519 1267 546 1347 Ι,
566 1289 599 1354 p.
606 1272 680 1346 634,
702 1271 789 1354 sagis
809 1269 889 1331 haec
909 1271 1069 1344 tribuitur
1087 1277 1246 1353 potestati

228 1357 362 1442 χονμοῑνα
389 1354 443 1416 καὶ
468 1347 570 1427 eddim
596 1351 710 1414 ποιέειν
736 1353 789 1414 καὶ
810 1350 942 1438 ὄμβρους
964 1355 1017 1420 καὶ
1037 1348 1172 1436 αὐχμοὺς
1194 1355 1248 1420 καὶ

227 1438 396 1505 θάλασσαν
430 1435 550 1518 ἄφορον
581 1437 637 1498 καὶ
661 1437 718 1517 γῆν
744 1439 799 1504 καὶ
828 1435 924 1502 τᾶλλα
957 1433 996 1503 τοὶ
1026 1434 1248 1520 τοιουτότροπα

228 1521 328 1588 πάντα
356 1520 543 1603 ἰποὸἕχονοαο
562 1517 759 1582 ἐπίστασθαι.
813 1519 878 1582 Ubi
904 1530 1012 1584 tamen
1032 1523 1087 1583 vir
1106 1523 1247 1600 eximius

229 1611 267 1672 in
287 1615 355 1671 not.
377 1607 398 1669 5
421 1601 507 1665 haud
528 1603 741 1686 improbabili
763 1600 950 1682 conjecturo
968 1603 1139 1666 excidisse
1153 1613 1248 1686 putat

228 1689 347 1775 ἄπορον
380 1698 414 1752 et
443 1687 552 1750 simile
588 1684 708 1770 ἄφορον
745 1686 853 1748 locum
883 1705 1055 1771 occupasse
1086 1688 1247 1752 alienumt

197 1797 198 1800 ’
228 1778 285 1842 καὶ
309 1771 475 1838 θάλασσαν
505 1768 622 1852 ἄπορον
647 1773 704 1832 οιαὶ
729 1772 785 1851 γῆν
806 1770 937 1852 ἄφορον.
1001 1771 1130 1832 Mirum
1156 1792 1245 1849 eene,

228 1863 265 1923 iu
293 1862 365 1942 ipso
386 1857 539 1918 carmine
560 1854 773 1916 Eumenidum
802 1875 843 1918 ne
869 1856 1006 1918 verbum
1035 1853 1167 1938 quidem
1194 1857 1246 1916 in-

226 1964 313 2020 esse,
352 1937 440 2024 quod
468 1936 510 1998 ad
537 1941 680 1999 fructum
701 1959 719 2001 e
741 1939 825 1999 mari
852 1937 1099 2021 percipiendum
1125 1940 1245 2005 reterri

191 2021 193 2026 ⁴
227 2029 341 2113 possit.
395 2020 461 2084 Sed
486 2019 568 2083 haec
595 2041 648 2083 res
674 2041 741 2083 non
761 2021 916 2102 impedit,
958 2026 1132 2104 quominus
1160 2023 1245 2084 hanc

226 2119 375 2174 nostram
408 2105 647 2168 correctionem
678 2125 789 2167 veram
821 2125 891 2167 esse
920 2105 1137 2184 arbitremur,
1178 2107 1244 2168 nisi

226 2198 339 2258 forsan
360 2186 495 2253 eandem
516 2186 560 2248 ob
580 2205 724 2248 caussam
745 2189 844 2251 verba
872 2187 907 2250 ἔν
932 2211 964 2250 τε
984 2188 1108 2262 ποντίας
1130 2186 1242 2272 δρόσον
1344 2195 1345 2202 ’

224 2278 345 2358 aliquis
366 2271 522 2353 corrupto
543 2268 652 2342 dicere
672 2272 761 2334 velit.
815 2271 928 2340 Potius
956 2275 1018 2334 tibi
1038 2271 1238 2355 persuadeas,

223 2363 324 2426 fuisse
345 2357 386 2421 de
406 2356 491 2416 meri
510 2372 692 2416 sermonem
713 2355 748 2415 iu
770 2355 856 2433 loco,
878 2358 936 2438 qui
951 2366 1002 2418 eet
1014 2357 1071 2420 Vs.
1086 2361 1149 2426 906
1161 2377 1240 2440 sqq„

224 2465 324 2530 quum
345 2439 540 2526 praesertim
560 2456 579 2499 e
599 2439 719 2502 ceteris
739 2439 854 2516 rebus,
882 2461 1019 2522 querum
1042 2441 1098 2502 hic
1115 2442 1241 2503 mentio

223 2531 263 2592 iit
289 2549 308 2590 n
335 2527 508 2600 Minerro‘,
539 2522 632 2583 nulla
659 2521 833 2583 omittatur
862 2524 902 2584 ab
927 2523 1171 2596 Eumenidibns.
1199 2560 1243 2574 -
1343 2549 1344 2562 ν

222 2611 376 2676 Ceterum
395 2603 434 2671 roi
451 2607 546 2688 γῆθεν
568 2604 599 2677 ἐξ
614 2601 746 2688 οὐρανοῦ
765 2628 797 2666 re
817 2602 952 2686 κάνέμων
973 2616 1011 2670 ut
1029 2617 1144 2672 nostro
1166 2609 1242 2671 loco

222 2695 685 2774 conjunctimmemoreutur,
716 2689 764 2749 sic
785 2691 884 2751 etium
905 2693 941 2752 in
962 2694 1065 2772 ipsius
1085 2693 1242 2753 carminis

221 2779 356 2860 stropha
384 2783 481 2856 etque
508 2772 712 2854 antueropha
741 2775 848 2854 prima
874 2775 1028 2837 simulet
1055 2779 1243 2857 promiscue

221 2871 410 2948 ponuntur,
442 2866 477 2918 et
503 2857 650 2919 vicissim
672 2875 736 2937 qun
756 2859 886 2919 ratione
906 2858 963 2922 Vs.
985 2859 1048 2924 869
1069 2858 1240 2921 bominum

220 2945 397 3028 separatim
425 2944 511 3001 facto
532 2947 581 3000 est
601 2941 742 3017 mentio,
778 2940 891 3003 eadem
919 2945 955 3004 in
976 2943 1132 3004 carminis
1153 2951 1243 3006 stro..

220 3021 404 3114 pha'etquc
424 3020 630 3104 antistropha
650 3021 791 3085 secunda
813 3045 959 3089 seorsum
980 3027 1213 3107 respiciuntur.

303 3159 414 3224 Versu
439 3158 501 3222 87⁰
532 3145 620 3238 quod
647 3154 844 3218 Abreechius
875 3157 1011 3220 verbum
1041 3155 1243 3239 ἐκφορωτέρα

219 3267 315 3310 sensu
343 3241 476 3306 funebri
505 3237 731 3320 accipiendum
761 3247 886 3315 ceuset,
918 3241 1112 3322 aptiorem,
1142 3263 1242 3326 quam

218 3327 306 3414 quod
344 3325 538 3390 Schuetnius
580 3319 774 3402 Aeschylum
817 3326 995 3405 respexisse
1039 3333 1132 3406 putat
1173 3325 1242 3392 »ad

218 3415 366 3478 noxias
397 3418 436 3473 et
468 3405 647 3468 inutiles
679 3405 857 3483 herbas,
897 3427 1001 3489 quae
1032 3427 1079 3468 ex
1111 3407 1241 3488 horto

217 3502 451 3583 egeruntur
473 3499 511 3553 et
538 3490 871 3571 exstirpantur,«
902 3491 1030 3551 etiamsi
1051 3489 1115 3560 hoe
1136 3494 1243 3554 iuter·

219 3578 457 3646 dum'dicotur
487 3571 647 3658 ἕκφορεῒο,
692 3582 725 3634 et
754 3593 830 3634 mox
862 3573 1073 3653 φιτυποομένος
1113 3580 1242 3640 mentio

217 3668 286 3741 fiat,
308 3658 395 3746 quod
416 3658 610 3722 vocabulum
632 3657 738 3718 minus
760 3666 834 3738 apte
856 3667 948 3720 notat
969 3667 1042 3738 post
1056 3658 1243 3722 Heathium

216 3749 369 3810 Rutieroe
403 3763 470 3804 nou
504 3742 685 3804 necessario
715 3739 755 3802 de
790 3741 1015 3802 hortulano
1051 3743 1245 3828 intelligen-

217 3833 387 3904 dummoc,
408 3825 581 3890 sedetiam
604 3833 812 3904 pastorem
834 3833 867 3886 et
889 3821 1100 3890 custodem
1124 3846 1246 3911 pecu.

98 3955 101 3964 ·
217 3915 306 3978 dum
328 3911 584 3976 t'euellorum
605 3909 791 3993 siguificare
813 3928 914 3989 posse.

289 4027 405 4102 ,Versu
418 4023 479 4094 871
496 4019 612 4086 verber
634 4019 693 4080 τῶν
714 4016 840 4082 δικαίων
862 4012 947 4082 roird
968 4014 1140 4086 referende
1165 4031 1249 4086 suut
