2794 4692
230 349 386 427 LXXVI

228 549 306 600 casa
337 523 467 621 illique
499 543 593 596 cum'
618 519 657 596 vi
683 520 823 606 efficaci
857 521 1019 599 vindices
1056 523 1175 600 caedis
1202 549 1261 623 ap-

226 651 367 725 parere.

323 731 427 803 Duae
451 724 567 828 igitur
591 738 680 798 sunt·
699 721 878 798 carminis
903 724 1035 822 ipsius,
1062 725 1157 822 quod
1181 728 1259 823 jam

224 828 406 927 sequitur,
459 842 578 923 partes
614 825 818 926 generales:
874 851 967 919 una,
1017 853 1086 924 qua
1125 831 1258 906 Furiae

226 955 379 1008 carmen
396 929 537 1004 malum
556 926 758 1018 incantant3
785 927 909 1020 altera,
934 953 1003 1023 qua
1023 929 1256 1025 potissimum

225 1034 269 1110 tle
291 1032 453 1120 ratione,
490 1026 670 1125 quomodo
697 1051 829 1102 munus
855 1052 963 1102 suum
989 1031 1255 1124 administrent,

225 1145 370 1210 canunt.
866 1213 870 1219 ,

322 1227 376 1308 Εἰ
400 1229 549 1305 initium
580 1226 725 1324 quidem
757 1228 935 1304 carminis
969 1229 1175 1307 incantandi
1200 1235 1265 1312 fa.

224 1335 325 1412 ciunt
349 1337 461 1407 Nocte
484 1345 603 1406 matre
627 1328 843 1404 invocanda:
880 1330 1001 1406 audiat
1021 1333 1137 1430 ipsas,
1164 1361 1252 1431 quas

219 1434 376 1512 mortuis
395 1447 430 1507 et
447 1430 652 1507 viventibus
667 1431 801 1507 Poenas
818 1432 1017 1528 pepererit;
1041 1435 1250 1532 Apollinem

218 1538 318 1612 enim
342 1539 512 1633 juvenem
535 1533 630 1630 ipsas
655 1529 792 1608 honore
816 1533 964 1628 privare
983 1559 1026 1609 eo
1052 1536 1145 1631 quod
1162 1537 1249 1612 Ore·

218 1653 313 1714 stem
339 1638 500 1726 auferat,
527 1633 589 1730 qui
613 1633 805 1730 proprium
824 1647 860 1709 et
883 1634 1091 1735 legitimum
1113 1651 1248 1712 mater-

215 1765 284 1815 nae
323 1737 443 1813 caedis
481 1735 666 1833 piaculum
704 1735 762 1809 sit.
788 1777 840 1790 -
900 1739 984 1812 Post
1016 1763 1107 1833 quae
1133 1737 1248 1815 verba

215 1840 468 1940 epiphthegma
488 1850 640 1932 ponunt,
663 1834 919 1934 significantes,
944 1864 1013 1935 quo
1035 1840 1106 1912 fine
1125 1839 1246 1918 Oresti

214 1941 302 2039 ipsis
321 1941 449 2014 devoto
468 1937 538 2010 hoc
560 1961 711 2012 carmen
730 1952 870 2012 canant.
891 1941 983 2030 (Str.
997 1941 1108 2031 l.)—
1138 1943 1245 2017 Hane

214 2044 314 2117 enim
346 2041 416 2116 sibi
450 2052 587 2114 sortem
621 2062 698 2111 esse
723 2042 880 2118 aParca
914 2041 1160 2142 adsignatam,
1203 2057 1244 2115 ut

213 2145 286 2220 illis
318 2139 551 2229 mortalibus,
596 2137 725 2234 quibus
757 2141 1110 2242 consanguineorum
1135 2142 1243 2219 caede

213 2242 469 2322 concurrerint
502 2239 707 2333 temerarii,
754 2241 889 2333 adsint,
948 2243 1061 2318 donec
1097 2259 1240 2320 terram

210 2345 388 2423 subierint
417 2341 621 2440 parricidae
636 2339 706 2434 ⁶⁸),
751 2341 886 2440 hosque
911 2343 1024 2420 etiam
1047 2360 1129 2442 post
1158 2371 1240 2464 poe-

214 2509 315 2517 ..-,—
390 2509 394 2512 .
428 2503 530 2512 φ...-

311 2577 368 2634 Fr.
387 2576 613 2631 Harmanuus
640 2572 670 2627 in
695 2573 863 2641 compendio
888 2573 1038 2630 doctrinae
1061 2575 1169 2646 antiqq·
1189 2575 1242 2630 Gr.

311 2648 411 2714 §.133,
429 2648 455 2702 2.
491 2640 634 2712 Μάστορεσ
651 2638 737 2712 ὀρθαὶ
754 2653 819 2698 sunt
842 2641 1144 2711 investigatrices
1163 2660 1241 2700 ere·

310 2725 401 2770 ctae.

229 2787 278 2856 68)
310 2784 378 2842 Alia
400 2793 443 2838 est
460 2798 551 2850 caque
569 2781 682 2850 uulgata
696 2779 750 2837 Vs.
760 2781 811 2835 321
826 2781 888 2848 sqq.
907 2779 1107 2852 interpretatio
1131 2797 1239 2849 eorum,
1282 2787 1285 2798 ·

309 2853 568 2924 quiVs.321prc
594 2849 740 2922 scriptura
764 2850 906 2903 librorum
930 2848 1100 2920 eirovpylaus
1125 2849 1239 2920 legunt:

310 2919 482 2990 aitoucylas,
499 2949 533 2962 -
556 2919 652 2988 illam,
669 2919 793 2988 genuina
809 2919 1079 2987 lectioneservata,
1098 2919 1240 2978 indicavi·

309 3007 370 3048 mut
389 2991 417 3046 in
436 2993 551 3046 Aductt.
570 3007 597 3059 p.
616 2989 657 3044 to.
697 2990 775 3044 Quae
794 3004 877 3056 quum
894 3006 950 3044 non
969 3007 1068 3045 verear
1086 3006 1122 3044 ne
1141 2990 1189 3045 cui
1209 2989 1240 3044 in

305 3061 431 3130 siugulis
447 3059 546 3115 durior
561 3058 736 3112 videatur-
746 3074 865 3126 namque
882 3057 918 3112 ad
932 3058 1135 3128 significatum,
1154 3076 1237 3127 quem

310 3134 399 3186 verbo
415 3126 545 3198 ὁμαρτεῖν
560 3127 722 3192 tribuimus,
744 3127 841 3181 saltem
857 3143 946 3194 aeque
960 3129 1058 3183 lucilia
1073 3139 1128 3189 est,
1146 3144 1239 3198 neque

309 3201 340 3256 in
359 3217 393 3254 ec
411 3199 498 3254 nimis
516 3196 688 3251 haerendum
704 3195 777 3276 crit,
795 3198 870 3264 quod
885 3208 1012 3253 anostra
1029 3197 1238 3268 interpretandi

307 3271 421 3326 ratione
447 3267 599 3323 verborum
626 3259 693 3335 ὄφρ’
719 3261 753 3318 ἂν
770 3295 803 3305 -
820 3263 964 3337 ἐλεύθερος
996 3269 1153 3334 subiectum
1181 3285 1236 3322 non

306 3332 446 3394 c‘atvaro's
463 3355 487 3390 u.
506 3355 532 3388 r.
550 3332 590 3406 t,
615 3336 666 3389 sad
685 3330 701 3388 o‘
717 3332 909 3404 pirensem,
937 3335 989 3390 clr.
1008 3337 1091 3390 modo
1110 3335 1162 3395 Va.
1182 3339 1234 3393 too

215 3467 219 3474 ,
306 3409 405 3463 etttt
425 3435 475 3471 -,
509 3415 580 3468 tum,
612 3402 637 3458 si
662 3403 735 3474 ipsis
762 3405 860 3460 verbis
887 3401 998 3458 θνατῶν
1017 3407 1104 3460 τοῖσιν
1126 3403 1236 3462 mal..

189 3529 191 3532 .
306 3473 441 3546 opposita
458 3482 504 3528 eat
521 3471 629 3528 locutio
647 3469 796 3528 ἄθανᾰτων
813 3469 841 3528 δ’
857 3469 968 3538 ἐπέχειν
984 3476 1076 3544 κέρας,
1104 3475 1157 3532 Vs,
1174 3477 1236 3540 33⁰,

304 3572 339 3584 --
357 3554 389 3599 ut
410 3545 457 3598 vul
479 3560 497 3596 o
521 3552 661 3606 statuunt,
696 3553 726 3598 et
750 3553 828 3600 recte
853 3544 986 3614 quidem,
1020 3544 1077 3598 nisi
1101 3543 1237 3614 ejiciatur

304 3614 446 3684 particule
460 3560 508 3677 ἦέ,
527 3643 559 3656 -
590 3629 684 3680 neque
705 3613 776 3667 haec
801 3621 943 3684 postrema
960 3613 1047 3672 verba
1070 3611 1236 3683 siguificare

302 3695 435 3753 possunt:
467 3696 585 3736 manns
604 3679 799 3738 abstinere
816 3697 833 3735 a
850 3679 937 3747 diis,
956 3682 1020 3749 aad,
1044 3682 1107 3738 sita
1124 3691 1237 3740 servata

302 3752 366 3806 sive
383 3759 504 3818 mutata,
533 3766 635 3806 souare
652 3750 772 3806 debent:
808 3768 876 3805 noa
896 3751 1030 3806 socium
1048 3767 1129 3807 essa
1147 3751 1236 3820 diis,

300 3819 353 3875 cir.
371 3820 489 3877 Adnott.
508 3838 536 3890 p.
554 3823 586 3874 ll
606 3828 636 3874 et
653 3835 719 3874 mcx
737 3821 830 3874 adnot.
849 3821 898 3888 w,
934 3833 964 3876 ut
983 3820 1134 3876 universus
1151 3821 1235 3876 locus

297 3891 376 3958 juata
394 3890 438 3955 ei,
463 3890 512 3958 qui
530 3889 683 3960 oppositus
701 3898 762 3954 est,
790 3889 978 3960 respondeat,
996 3889 1101 3946 efficit
1137 3890 1233 3946 Porro

299 3974 363 4013 cuna
388 3958 528 4014 sententia
554 3959 704 4012 uerborum
729 3959 786 4012 rats
811 3954 942 4026 ὁμαρτεῖν
969 3957 1022 4014 etr.
1048 3958 1231 4014 Homericum

296 4025 387 4083 illud:
421 4029 641 4098 πρισβυτέροιαιν
664 4021 802 4092 'Eptwias
828 4022 885 4082 etto
910 4026 1068 4094 incerat,
1104 4029 1140 4084 11.
1159 4027 1230 4094 XV,

298 4099 360 4162 2⁰4.
395 4095 558 4168 &quantur
575 4095 684 4168 quippe
699 4095 806 4152 Furiae
823 4112 901 4162 eum,
928 4096 978 4165 qui
997 4097 1132 4166 iujuriam
1148 4111 1233 4151 acce·
1330 4097 1333 4104 '
