2652 4688
1004 337 1079 420 dib

93 516 274 584 deseubeuda
290 526 414 580 'essenb
434 517 634 594 aobumtius,
657 514 1080 579 'etiam‘de-Orasteudiee·

93 615 149 683 ret,
166 611 193 664 et
211 605 323 680 sirmi,
344 621 409 684 quo
431 602 507 679 jure.
522 601 645 661 ibidem
665 602 810 670 devuoro
824 603 1081 682 Eribuyumruo*

91 692 163 749 mine
194 700 374 748 sumnonem
405 685 515 746 inisse
535 687 808 763 conjecerimus,v
826 685 904 747 uam
923 686 1001 746 ‘hee
1030 703 1082 747 res

91 774 173 834 etiam
185 771 402 857 grammaticis
417 768 753 832 testibusaretissime
763 773 962 850 tooojuuotae
979 781 1081 829 eraut.

88 855 175 940 Ergo,
211 863 250 914 ut
283 854 395 936 paneis
429 850 708 932 eomprehendam·
736 852 990 935 quoda-sentio,
1007 853 1084 914 wi-

89 936 171 999 detur·
186 937 337 1000 Minerva
356 938 394 996 in
422 937 483 1012 iis,
501 965 505 972 .
524 955 607 1017 qnae
639 936 893 1014 interciderunt,
936 935 1013 996 dum
1042 933 1085 994 dt

87 1041 187 1102 pompa
207 1019 351 1098 dicebat,
376 1020 505 1082 Orestis
522 1019 628 1091 denuo
641 1023 803 1081 »oahssatm
814 1021 1007 1097 suscepisse,
1021 1043 1024 1054 ·
1037 1021 1086 1078 ita

86 1103 217 1185 quidem,
237 1113 276 1165 ut
295 1104 409 1165 Furias
431 1104 631 1180 hortaretur,
652 1111 690 1165 ut
712 1106 809 1164 etiarn
832 1104 909 1165 huic
931 1122 997 1163 non
1018 1121 1085 1161 am-

83 1190 162 1270 plius
180 1189 412 1264 irascerentur,
440 1197 537 1269 atque
557 1198 632 1267 post
651 1188 704 1250 vel
726 1189 813 1249 inter
834 1207 871 1249 ea
892 1186 1008 1259 verba,
1037 1188 1086 1245 in-

86 1279 280 1353 certumque
300 1273 448 1348 ratione,
471 1291 538 1332 non
562 1280 671 1332 tamen
692 1280 845 1352 tanquam
865 1293 925 1354 per
946 1271 1088 1331 occasio-

85 1375 160 1432 nem,
179 1353 232 1418 sed
253 1357 301 1418 ita
320 1361 359 1416 ut
378 1375 477 1416 nexus
497 1352 630 1437 quidam
653 1355 741 1419 inter
758 1363 931 1438 utramque
946 1372 1018 1413 rem
1039 1355 1088 1413 iu-

83 1436 268 1518 tercederet,
306 1440 396 1500 bisce
416 1437 630 1499 Eumenidum
661 1459 778 1501 nomen
807 1441 1017 1522 imposuisse,
1057 1444 1091 1497 et

83 1521 191 1586 deinde
210 1526 293 1588 viris
308 1523 576 1600 Atheniensibus,
597 1524 656 1601 qui
676 1533 771 1584 autea
791 1522 935 1602 judicum
956 1539 1090 1582 munere

82 1609 178 1670 iuncti
199 1617 308 1685 erant,
347 1604 532 1683 mandasse,
569 1607 724 1667 utillum
746 1608 898 1670 infinem
920 1607 995 1670 deas
1016 1624 1089 1666 eum

81 1691 151 1755 aliis
169 1701 237 1754 tum
257 1691 420 1753 sacrificio
442 1691 552 1751 oblato
574 1690 784 1752 honorarent.
994 1695 996 1701 ’

157 1777 196 1838 Et
215 1777 295 1837 haec
315 1777 385 1835 iere
405 1782 481 1834 suut
501 1793 582 1855 quae
602 1774 661 1835 sub
683 1777 790 1856 ipsum
810 1776 908 1836 finem
930 1777 1092 1837 orationis

78 1860 243 1925 Minervae
270 1857 360 1920 dieta
390 1866 550 1940 putamus.
593 1856 682 1920 Num
712 1877 790 1920 vero
819 1866 916 1928 antea
943 1860 1091 1941 pluribus

78 1955 111 2006 et
137 1942 177 2006 de
204 1943 349 2024 reliquis
369 1942 476 2003 cultus
496 1940 711 2005 Eumenidum
740 1942 887 2024 partibus
914 1953 949 2005 et
969 1942 1009 2004 de
1030 1944 1094 2004 hoe

77 2031 173 2090 etiam
201 2031 236 2089 in
269 2033 435 2108 posterum
465 2023 585 2086 deabus
620 2025 796 2088 tribuendo
834 2047 941 2089 sermo
975 2029 1093 2102 fuerat,

74 2122 112 2174 ut
130 2110 328 2174 Frituschius
349 2129 389 2170 au
413 2117 530 2169 uratur
551 2111 586 2170 in
607 2111 667 2187 iis,
700 2129 782 2191 quae
802 2115 951 2193 superius
977 2130 1008 2192 p.
1034 2113 1093 2175 195

75 2206 108 2259 et
128 2218 173 2278 sq.
204 2204 287 2258 extr.
321 2128 548 2254 exhibuimus?
600 2193 677 2255 Non
709 2195 838 2276 opinor.
891 2196 976 2257 Nam
1012 2215 1094 2277 quae

72 2285 108 2342 in
131 2282 203 2362 ipsa
230 2279 381 2340 oratione
410 2275 518 2337 adhuc
545 2277 705 2338 exstantia
732 2279 842 2339 virum
865 2279 1003 2340 doctum·
1023 2300 1094 2342 mo-

72 2372 208 2441 verunt,
245 2370 284 2423 ut
311 2361 448 2421 alteram
475 2361 543 2437 ejus
571 2369 698 2441 partem
719 2359 783 2420 huc
804 2372 965 2442 spectasse
985 2361 1096 2424 erede·

73 2454 141 2522 ret,
170 2444 270 2507 verba
290 2439 326 2503 τὸ
347 2438 470 2516 λοιπὸν,
505 2444 534 2502 si
555 2445 683 2527 integra
704 2447 882 2521 sententia,
910 2446 968 2506 ubi
989 2448 1097 2527 posita

72 2537 167 2604 suut,
201 2523 243 2589 ad
266 2525 413 2586 Orestem
435 2526 560 2606 potius,
598 2545 695 2607 quam
717 2525 760 2586 ad
778 2528 992 2590 Athenienses
1013 2532 1097 2590 reie-

68 2610 173 2677 renda
196 2619 262 2689 est,
283 2607 370 2668 nihil
392 2606 550 2688 ejusmodi
571 2610 722 2689 probant.
768 2611 909 2674 Omnino
932 2633 1011 2676 vero
1034 2614 1096 2674 hoe

68 2697 233 2780 placitum
263 2712 305 2754 ne
335 2711 396 2772 per
425 2712 460 2754 se
492 2691 625 2773 quidem
656 2694 826 2774 probabile
857 2704 915 2758 est.
969 2698 1097 2757 Etenim

68 2785 142 2842 sire
172 2778 299 2838 cultum
325 2775 523 2838 dearumin
549 2779 738 2840 universum
768 2778 1004 2842 instituendum
1030 2800 1099 2842 esse

66 2883 202 2942 censes,
233 2863 302 2922 sive
324 2860 469 2944 singulas
491 2861 666 2921 nonnullas
686 2863 754 2941 ejus
775 2874 885 2944 partes
906 2883 1098 2926 commemo·

62 2945 210 3022 rondes,
247 2945 316 3006 sive
342 2944 497 3026 populum
519 2945 751 3007 Atheniensem
780 2946 994 3024 monendum,
1031 2968 1100 3009 orn·

62 3032 168 3091 nibus
190 3029 283 3090 hisce
310 3029 373 3106 jam
395 3037 490 3088 antea
517 3029 719 3090 satisfactum
741 3039 812 3094 erat
831 3052 850 3092 a
871 3031 1024 3095 Minerva
1045 3033 1100 3109 iis,

61 3134 154 3195 quae
178 3114 325 3192 primum
345 3109 403 3171 Vs.
426 3113 486 3176 771
509 3131 597 3193 sqq,
620 3121 689 3172 tum
710 3113 766 3174 Vs.
789 3115 852 3178 797
872 3136 960 3197 sqq,
982 3113 1101 3177 deinde

58 3198 122 3258 Vs.
148 3197 216 3261 829
239 3215 308 3276 sqq.
331 3202 365 3254 et
386 3196 539 3278 inprimis
561 3195 638 3257 i'ude
659 3217 678 3257 a
700 3198 757 3260 Vs.
774 3199 836 3262 850
857 3219 958 3280 usque
979 3198 1022 3259 ad
1043 3199 1100 3264 Vs.

53 3285 137 3348 861.
164 3278 311 3360 denique
331 3277 388 3339 Vs.
411 3281 473 3342 916
494 3300 580 3361 sqq,
610 3278 756 3359 dixerat,
790 3301 929 3362 quorum
952 3285 1102 3344 locorum

52 3366 144 3428 talis
175 3364 267 3423 ratio
289 3371 353 3436 est,
393 3371 431 3422 ut
458 3371 556 3444 poeta
590 3363 653 3424 hoo
681 3369 815 3451 negotio
837 3368 873 3426 in
895 3367 1103 3448 sequentibus

49 3447 288 3530 supersedere
325 3465 391 3506 nou
429 3456 495 3513 tam
527 3467 621 3528 posse
659 3469 755 3529 quam
788 3449 906 3511 debere
933 3449 1102 3522 videatur3

49 3537 171 3596 immo
196 3531 298 3592 etiam
318 3549 455 3612 pompa,
477 3551 539 3612 qua
560 3531 755 3595 Eumenides
777 3533 818 3597 ad
839 3525 930 3595 sedes
951 3553 1024 3595 suas
1046 3532 1104 3593 du·

48 3622 194 3675 cuntur
219 3622 253 3676 et
273 3634 367 3676 sacra
388 3616 423 3674 in
445 3634 483 3675 ea
505 3614 669 3691 obeunda,
710 3638 792 3697 quae
821 3636 872 3678 res
894 3617 1023 3678 demum
1044 3616 1103 3677 sub

45 3701 168 3758 finem
202 3699 334 3760 fabulae
365 3700 468 3762 fusius
498 3696 743 3775 deseribuntur,
780 3703 844 3779 jam
872 3700 929 3762 Vs.
951 3702 1014 3765 816
1035 3721 1102 3781 sqq.

44 3793 233 3861 tanquam
259 3785 358 3842 etiam
380 3783 416 3841 iu
445 3792 612 3863 posterum
639 3783 799 3845 duratura
831 3786 878 3846 ita
908 3803 1103 3847 courmemu·

40 3871 210 3940 rantur,
234 3871 271 3923 ut
291 3885 331 3926 ue
350 3863 390 3926 de
412 3866 476 3927 hoe
497 3865 629 3948 quidem
651 3869 685 3927 iu
708 3868 769 3928 bae
791 3865 920 3930 demum
942 3858 1106 3950 postrema

34 3947 250 4014 Minervae
267 3949 417 4016 oratioue
438 3969 622 4015 sermonem
643 3953 743 4018 fuisse
763 3952 934 4039 probabile
953 3952 1014 4025 sits
1037 3949 1106 4011 Mi-
