2794 4692
150 537 226 613 voti
248 559 354 611 reum
371 535 454 610 fieri
471 529 637 626 vallet),
664 533 795 606 Furiae
813 553 957 636 negant,
984 538 1053 614 hoo
1073 541 1186 618 licere

150 641 203 731 ei,
230 638 291 735 qui
311 636 442 711 matris
461 636 676 736 sanguinem
697 635 844 729 fecerit,
872 663 984 736 quum
1011 642 1131 738 liquor
1149 645 1187 718 in

151 743 270 815 solum
298 737 434 812 effusus
460 737 627 838 recolligi
652 752 820 831 nequeat,
859 738 922 812 sed
945 758 1086 833 pereat:
1127 771 1187 820 ve-

152 866 235 915 rum
263 853 448 936 oportere,
492 854 533 912 ut
558 861 667 912 suum
700 836 813 932 ipsius
839 841 1055 940 sanguinem
1080 844 1186 921 vivus

150 942 318 1015 vicissim
343 939 401 1014 det
437 938 526 1036 ipsis
552 938 816 1039 exsugendum3
860 965 968 1036 seque
993 943 1078 1018 vivo
1105 970 1186 1020 oon-

149 1069 238 1138 pore
274 1041 498 1116 exsiccatum
534 1055 570 1114 et
604 1054 836 1114 extenuatum
861 1043 917 1126 ‚ad
955 1042 1092 1119 inferos
1126 1046 1186 1120 ab·

151 1145 323 1218 ducturas
344 1168 443 1231 esse,
478 1140 541 1214 uhi
568 1141 792 1215 calamitates
817 1142 862 1215 oh
890 1159 1048 1218 matrem
1076 1146 1186 1238 inter·

151 1245 288 1319 factam
314 1241 523 1341 accipiendo
549 1241 680 1338 poenas
706 1243 888 1317 soluturus
915 1247 980 1338 sit,
1021 1245 1186 1342 quemvis

151 1345 251 1419 enim
281 1347 339 1420 vel
364 1345 403 1417 in
429 1344 538 1416 mum
563 1345 622 1417 vel
643 1342 682 1414 in
707 1342 886 1437 hospitem
910 1349 967 1418 vel
994 1347 1032 1418 in
1060 1375 1186 1446 paren·

86 1437 90 1458 '
150 1461 203 1522 tes
230 1446 344 1542 impie
377 1458 543 1544 agentem
578 1465 731 1539 poenam
766 1445 924 1518 facinori
957 1471 1082 1542 parem
1108 1467 1185 1524 ma:

149 1574 238 1621 nere
264 1547 308 1620 ab
335 1547 451 1634 Orco,
494 1542 557 1638 qni
586 1567 742 1641 magnus
773 1543 822 1616 sit
855 1544 1046 1630 hominum
1079 1551 1185 1644 judex

150 1647 333 1722 alumnia
357 1645 396 1718 in
422 1644 546 1718 animo
571 1643 748 1738 insculpta
772 1642 908 1718 habens
933 1645 1111 1742 inspiciat.

252 1749 416 1838 Orestes,
461 1743 525 1818 has
559 1741 758 1818 Furiarum
795 1745 914 1820 minas
953 1770 1085 1843 parum
1123 1773 1185 1824 ou-

151 1874 254 1943 rans,
281 1846 466 1943 quamvis,
492 1843 620 1943 quippe
646 1843 754 1919 malis
777 1845 942 1939 edoctus,
969 1850 1185 1926 multimode

143 1997 189 2006 nnn-

253 2102 388 2158 ctatorum
407 2110 461 2147 non
476 2102 594 2175 poterat
611 2081 670 2149 non
695 2095 873 2164 gravissimis
895 2096 1049 2152 affectibus
1067 2100 1185 2170 perlun·
1289 2117 1290 2122 ¹

252 2164 321 2217 dere
340 2164 459 2217 anxiare
475 2164 597 2234 implere
615 2167 841 2234 exspectatione.

172 2236 218 2300 59)
253 2233 311 2285 Clr.
333 2232 384 2287 Vs.
404 2235 456 2288 ‘tls
473 2249 551 2301 sqq.:
585 2229 670 2285 oilardo
686 2233 754 2297 ἔχων
771 2266 803 2277 -
822 2228 949 2286 deridunt
965 2231 1043 2289 θέλω
1058 2239 1184 2305 γενέσθαι

121 2295 127 2310 ”
252 2297 344 2368 κερῶν.
399 2302 431 2354 ln
459 2303 513 2354 hoc
538 2302 604 2355 loco
627 2303 770 2371 negotium
796 2301 903 2357 iaciunt
929 2314 1071 2374 postrema
1097 2307 1185 2360 verba

251 2377 307 2439 jam
332 2369 359 2424 in
378 2371 492 2424 Adnott.
513 2387 539 2440 p.
556 2373 589 2424 st
608 2387 649 2438 sq.
668 2382 794 2427 tractatu.
838 2373 963 2427 (luorum
987 2383 1102 2444 praeter
1120 2377 1184 2430 vul-

272 2451 344 2494 atam
367 2437 632 2508 interpretationem
653 2440 761 2492 ibidem
779 2438 891 2493 citatam
913 2441 987 2494 haud
1007 2443 1120 2496 omnino
1139 2444 1183 2497 in·

251 2458 343 2630 itaut
356 2509 1184 2648 ‘n‘nauantemstatas,titana

431 2615 439 2640 ‚
1123 2618 1130 2634 .

252 2615 401 2718 Aristo’ph.
418 2646 493 2700 Nub.
512 2646 563 2701 Vs.
582 2647 666 2714 1328,
683 2645 726 2699 sic
743 2657 884 2700 vertentes
912 2647 1038 2713 »jndicio
1056 2664 1184 2704 manuum

253 2716 406 2770 assistere
424 2717 517 2780 vult,«
537 2724 567 2768 et
584 2716 655 2769 haec
672 2716 807 2770 addente:
836 2716 929 2769 »Illud
947 2715 1020 2770 enim
1039 2716 1081 2770 ibi
1099 2717 1185 2789 χερῶν

252 2802 308 2839 non
326 2801 453 2840 manuum
477 2784 588 2837 facinus
606 2793 698 2848 notat,
732 2787 782 2839 scd
801 2785 940 2839 actionem
958 2786 997 2850 ob,
1015 2786 1088 2840 illud
1108 2805 1183 2852 com,-

220 2867 222 2874 ’
251 2855 364 2908 missam
382 2858 508 2922 etjuxta
526 2869 605 2920 quam
624 2855 1027 2926 manus-praecidebantur.
1064 2855 1183 2912 Orestes

251 2924 373 2994 proinde
390 2952 424 2964 -
441 2920 590 2976 κινδυνεύει
606 2929 669 2988 περὶ
687 2920 797 2988 χειρῶν,
831 2924 867 2976 de
885 2923 1012 2978 manibus
1031 2925 1182 2994 periclin-

253 3004 325 3047 tuna
361 2991 425 3060 Ego
444 3007 527 3059 quom
547 2991 766 3062 explicationem
785 2991 813 3046 in
831 2993 948 3047 Adnott.
968 2995 1107 3064 prolatam
1124 3010 1183 3049 am·

274 3063 411 3126 lecterer,
444 3061 603 3130 cogitabam
622 3059 717 3114 simile
735 3060 804 3127 quid
823 3061 878 3114 hoc
898 3062 963 3114 loco
988 3063 1149 3133 praedicari
1167 3079 1184 3118 a

252 3079 354 3185 iuriis
379 3131 415 3184 de
440 3129 558 3196 Oreste,
593 3139 677 3195 atquc
697 3129 810 3184 Creusa
834 3131 909 3200 apud
933 3129 1103 3203 Euripidem
1121 3134 1183 3189 Ion.

251 3199 535 3256 veneraturum
551 3199 720 3266 refugiendo
734 3199 768 3258 ad
784 3215 859 3252 aram
872 3199 1021 3270 Apollinis
1037 3212 1194 3271 spectasse⁴

254 3270 418 3339 profitetur:
455 3265 528 3334 ἱερόν
544 3265 576 3321 το·
593 3267 671 3333 σῶμα
686 3265 725 3334 τῷ
741 3266 800 3335 θεῷ
817 3265 919 3334 δίδωμ’
935 3269 1017 3336 ἔχειν,
1048 3270 1076 3323 iu
1102 3288 1183 3339 quam

252 3355 311 3394 rem
330 3341 383 3394 clr.
411 3338 556 3408 disputata
579 3337 793 3390 a-llduellero
819 3338 853 3391 ad
877 3337 996 3412 liumcn.v
1012 3356 1039 3408 p.
1061 3340 1109 3395 tlt
1127 3357 1181 3409 sq„

251 3409 274 3474 d.
292 3411 335 3462 st.
371 3407 427 3461 Sed
447 3409 537 3476 probe
556 3406 696 3470 sciebam,
718 3421 810 3472 neque
830 3405 1086 3476 significationem,
1111 3426 1183 3477 quac

252 3478 393 3532 vocabulo
410 3471 538 3530 dmidium
562 3473 711 3529 tribuenda
734 3485 812 3538 erat,
846 3478 919 3548 apud
947 3476 1086 3532 classicos
1104 3476 1183 3536 scri·

253 3557 352 3618 ptores
368 3563 423 3600 non
448 3561 511 3600 esse
538 3545 698 3598 inusitatam
717 3553 747 3596 et
772 3555 855 3598 totam
879 3545 1064 3616 locutionem,
1092 3547 1134 3603 sic
1154 3557 1185 3602 ut

254 3616 585 3686 anobisacceptacst,
617 3611 850 3676 insolentiorem,
883 3615 923 3668 ita
943 3627 1050 3678 tamen,
1084 3628 1184 3671 utnec

253 3687 308 3738 illa
324 3683 394 3739 ferri
413 3695 544 3752 nequeat,
562 3700 614 3736 nec
632 3681 702 3736 llaec
720 3693 767 3735 aut
786 3686 820 3735 atl
841 3683 1018 3749 scrutantium,
1039 3695 1068 3737 ut
1088 3696 1184 3740 osten·

252 3754 299 3819 di,
331 3764 427 3808 careat
444 3751 590 3821 analogia,
622 3761 670 3806 eut
696 3767 748 3820 pcr
770 3753 966 3819 grammaticas
984 3754 1110 3808 rationes
1127 3771 1184 3809 non

274 3823 347 3878 ossit
364 3833 450 3876 stare.
487 3824 549 3878 Non
571 3819 761 3874 necessarium
779 3837 858 3888 esse,
877 3832 907 3875 ut
925 3833 1080 3888 statuatur,
1098 3825 1183 3877 scho-

254 3843 365 3947 iiastam
382 3889 466 3958 wate
484 3890 606 3959 legisse,
623 3893 678 3956 jam
696 3889 929 3958 Abresclrius,
948 3902 978 3946 ut
996 3907 1069 3946 nunc
1089 3893 1183 3958 video,

253 3960 402 4032 Hesychio
427 3961 513 4015 citato
539 3959 732 4012 contenderat.
766 3957 960 4014 Nihilominus
985 3973 1073 4013 tamen
1099 3961 1184 4014 hodie

253 4030 289 4082 de
308 4032 361 4084 hoc
380 4031 489 4084 dubito.
528 4028 602 4082 Vide
622 4027 694 4080 anim
712 4027 883 4083 scholiastes
903 4049 938 4082 ae
959 4032 1044 4082 verba
1061 4025 1131 4084 ἄνθ’
1147 4021 1185 4080 ὧν

252 4095 319 4167 ἡμῖν
335 4103 461 4167 χρεωοτεῖ
478 4101 531 4152 hoc
551 4096 677 4150 volucrit
699 4096 882 4162 signilicarea
916 4098 1063 4170 prolis,
1095 4115 1185 4168 quse
