2812 4690
1097 361 1174 439 loa

148 533 382 624 Bedrllngniss,
415 534 502 612 jones
527 535 608 600 weil
635 531 722 596 daun
751 533 848 598 Orest
879 533 973 596 nicht
1002 533 1174 621 geschiitzt

149 619 283 685 werden
305 620 402 696 kann,
425 617 495 680 dies
517 616 663 680 eusdem
684 619 765 682 eben
784 620 1010 706 angegebenen
1026 618 1171 681 Grande.

4 723 8 734 ’
88 772 91 778 ,
150 705 276 766 Dorum
303 703 494 766 heschliesst
513 703 658 780 Athena,
690 701 786 766 beide
813 703 970 766 nunilchst
990 723 1033 764 nu
1061 704 1176 765 behal-

149 796 207 850 ten
231 787 303 849 und
325 784 432 849 durch
462 788 516 846 eiu
546 807 613 849 von
646 787 702 847 ihr
726 789 938 874 eingesetates
967 788 1175 874 Blutgericht

151 871 226 932 ihre
245 870 438 954 Auspriiche
465 888 509 930 au
536 870 749 932 schlichten«
802 869 893 932 Idem
920 881 1028 934 umen
1049 882 1083 935 et
1104 875 1176 956 ipso

150 957 333 1018 mutatione
356 972 437 1035 opus
458 973 528 1014 esse
549 963 719 1017 censuerat
739 955 855 1016 hacce:

278 1039 372 1110 ὁσίως
394 1036 534 1120 ἄμομφον
556 1035 627 1099 ὄντα
650 1035 677 1100 σ’
701 1042 847 1122 αἱροῦμαι
867 1034 964 1113 πόλει,

151 1143 248 1204 quum
270 1124 430 1205 explicuit
450 1122 491 1184 ad
512 1120 707 1186 Eumenidas
728 1144 761 1207 p.
784 1123 861 1202 135,
882 1132 951 1187 not.
976 1123 1025 1185 12.

235 1205 423 1270 Putavimus
444 1207 525 1270 haec
546 1208 650 1268 fusius
670 1204 884 1288 proponenda
906 1225 985 1282 esse,
1008 1213 1046 1265 ut
1066 1205 1176 1266 varias

151 1293 375 1352 recentiorum
406 1293 622 1373 interpretum
650 1288 691 1352 de
719 1293 795 1353 loco
816 1290 1017 1352 difficillimo
1045 1289 1175 1370 opinio-

97 1435 100 1442 ,
152 1394 209 1435 nes
237 1393 304 1434 uno
331 1376 369 1433 in
398 1383 575 1456 conspectu
593 1372 708 1435 videre
735 1375 844 1438 liceat.
887 1373 1078 1438 Welleueri
1099 1391 1177 1432 con-

151 1460 310 1536 jecturam
337 1477 437 1540 supra
463 1467 751 1521 commemoratam
779 1457 872 1522 vides
900 1458 941 1519 ab
969 1457 1172 1519 Hermanno.

151 1540 220 1601 Bur
241 1541 343 1603 essius
374 1561 506 1604 versum
537 1543 598 1605 453
630 1550 706 1604 ante
733 1537 864 1607 versum
890 1537 951 1606 tat
988 1537 1177 1626 ponendum-

151 1626 315 1688 creabat.
365 1625 436 1688 Alii
464 1627 560 1687 illum
582 1645 638 1701 eo,
669 1646 764 1708 quem
786 1627 935 1705 tenebat,
967 1627 1042 1687 loco
1072 1623 1175 1684 relin-

152 1708 312 1790 quebant,
334 1706 391 1783 sed
411 1710 521 1772 verbis
543 1708 625 1789 ὅμως
647 1705 672 1770 d'
693 1711 788 1774 vario
810 1709 910 1773 modo
930 1709 1075 1771 mutatis.

236 1791 307 1854 Nos
327 1790 512 1871 videamus,
542 1813 714 1878 quemnam
734 1794 851 1872 verba,
883 1803 922 1856 ut
941 1795 1041 1880 vulgo
1066 1791 1178 1878 legan-

153 1885 224 1954 tur,
254 1895 383 1939 sensum
404 1876 542 1940 fundere
563 1881 699 1962 possint
758 1877 810 1941 Ne
833 1887 867 1940 at
887 1878 992 1964 igitur
1012 1875 1177 1952 Minerva,

151 1960 216 2034 sihi
237 1963 284 2021 ias
305 1981 393 2038 esse,
424 1963 461 2022 in
482 1959 590 2024 caedis
611 1964 741 2026 actione
762 1963 797 2042 ju
820 1964 922 2024 icium
941 1965 1047 2038 ferre,
1076 1956 1177 2040 idque
1199 2013 1200 2018 ,

151 2063 227 2104 cum
256 2046 332 2106 aliis
353 2042 395 2108 de
416 2048 556 2124 caussis,
596 2054 665 2107 tum
694 2047 771 2130 quia
793 2045 924 2108 Orestes
951 2044 1071 2106 ritibus
1101 2063 1177 2124 per-

150 2131 282 2191 functus
295 2148 397 2210 purus
411 2138 446 2192 et
457 2131 612 2192 innoxius
624 2132 762 2213 supplex
775 2128 818 2192 ad
831 2127 926 2194 aedes
943 2149 1017 2192 suae
1035 2129 1176 2191 venerit.

151 2213 350 2292 Quaeritur,
381 2233 441 2275 our
465 2213 552 2276 bauo
580 2215 621 2277 ob
652 2235 797 2277 caussam
826 2213 1000 2278 Minervae
1030 2231 1096 2272 uon
1127 2214 1179 2272 fas

150 2298 196 2356 sit
221 2316 291 2360 rem
321 2293 511 2378 dijudicare.
566 2298 664 2360 Putat
691 2297 899 2360 Schuetaiuss
933 2298 1011 2380 quia
1035 2293 1097 2358 dea
1128 2296 1177 2354 sic

152 2380 317 2443 >schidiose
337 2384 459 2466 magis,
488 2401 585 2463 quam
605 2383 688 2460 juste
710 2401 806 2468 agere
827 2378 1015 2454 videretur,
1042 2381 1071 2439 si
1095 2377 1176 2437 Ore-

150 2472 232 2527 stem
253 2465 434 2545 supplicem
455 2466 559 2546 ipsius
586 2463 711 2543 judicio
732 2465 900 2526 absolvere
921 2463 1056 2537 vellet3«
1089 2461 1176 2521 Her-

150 2566 287 2607 mannus
309 2556 407 2630 atque
434 2549 510 2608 alii:
542 2551 619 2631 quia
641 2547 771 2610 Orestes
801 2549 866 2628 jam
894 2555 1092 2632 expurgatus
1120 2545 1181 2605 sit·

150 2629 211 2706 At,
239 2649 376 2711 quaeso,
407 2632 436 2693 si
465 2633 508 2693 ob
537 2631 621 2694 bano
652 2651 797 2695 caussam
825 2651 860 2693 se
887 2631 991 2712 ipsam
1016 2626 1176 2709 judicium
1212 2675 1214 2683 .

151 2711 193 2774 de
214 2713 330 2776 Oreste
350 2713 472 2778 habere
493 2719 582 2778 nefas
603 2716 756 2799 putabat,
789 2713 954 2800 quomodo
984 2714 1046 2774 illo
1068 2712 1176 2774 homi-

151 2798 247 2859 nibus
277 2801 439 2881 permisso
468 2799 604 2863 eredere
629 2809 776 2883 poterat,
809 2799 869 2862 hos
899 2819 969 2862 rem
990 2816 1057 2859 non
1088 2799 1182 2858 nese.

152 2885 237 2944 riam
266 2891 397 2945 acturos
427 2903 496 2947 esso
523 2883 564 2946 de
591 2883 726 2947 homine
752 2887 817 2964 jam
844 2903 928 2966 puro
952 2880 1097 2945 'necdum
1118 2899 1176 2940 reo

151 2964 355 3046 judicantes?
396 2967 570 3032 Praeterea
590 2970 627 3030 in
648 2969 710 3031 hac
724 2970 886 3031 sententia
905 2967 1066 3049 primaria
1081 2967 1175 3026 notio

152 3050 234 3112 haec
254 3059 320 3112 este
348 3054 607 3132 praesertim
632 3055 728 3136 quia
759 3062 805 3116 tu
834 3052 1014 3134 supplex
1042 3045 1090 3110 ad
1117 3068 1177 3108 me

151 3135 326 3212 venisti,
355 3153 416 3198 neo
436 3155 515 3198 vero
537 3156 597 3217 ea,
627 3155 725 3221 quant
745 3137 953 3200 Hermannus
972 3135 1064 3212 vult,
1094 3151 1176 3214 quae

151 3219 263 3302 potius
283 3218 463 3282 secundum
483 3222 595 3283 locum
615 3230 715 3285 tenet.
770 3221 879 3303 Quare
900 3218 1108 3302 probabilior
1128 3225 1177 3278 est

151 3303 322 3366 Schuetaii
342 3305 443 3382 ratio,
464 3324 562 3388 quam
581 3307 630 3368 sic
650 3307 751 3368 velim
774 3306 948 3388 compleas,
968 3311 1007 3364 ut
1024 3301 1178 3362 Minerva

150 3390 252 3450 simul
278 3389 342 3450 hoc
371 3390 504 3451 innuat:
541 3389 625 3451 mihi
654 3409 720 3450 nou
749 3392 798 3450 las
825 3397 892 3467 est,
921 3384 962 3449 de
989 3384 1088 3448 caede
1116 3384 1178 3444 tali

150 3470 310 3552 judicium
332 3476 438 3550 ferre,
469 3493 541 3534 oum
563 3475 599 3534 in
620 3475 827 3550 universum,
855 3480 925 3532 tum
946 3471 1024 3554 qula
1045 3470 1179 3533 evenire
1271 3513 1274 3517 -

151 3558 273 3638 possit,
292 3565 339 3617 ost
359 3565 409 3634 te,
438 3557 498 3639 qui
519 3577 555 3618 su
581 3559 657 3640 plex
678 3577 768 3618 meus
789 3577 839 3634 es,
868 3563 902 3618 et
922 3551 1055 3639 quidem
1075 3572 1177 3637 purus

151 3648 249 3720 atque
278 3643 449 3719 innoxius,
484 3579 702 3704 condemnare
729 3640 880 3717 debeam,
919 3659 957 3701 ae
987 3639 1037 3702 sic
1068 3656 1178 3700 meum

151 3723 331 3804 auxilium,
364 3723 451 3808 quod
480 3725 542 3787 tibi
564 3735 678 3809 utpote
700 3725 843 3808 supplici
864 3720 1095 3807 praestandum
1116 3728 1177 3796 est,

153 3805 337 3870 detrahere.
381 3809 454 3870 Jam
477 3809 538 3872 dea
559 3809 653 3872 addit
673 3811 733 3870 illa
753 3810 869 3872 verba:

278 3889 360 3970 ὅμως
382 3889 407 3952 δ’
429 3892 571 3974 ἄμομφον
592 3894 663 3958 ὄντα
686 3892 712 3957 o’
736 3897 882 3976 αἱροῦμαι
902 3889 999 3956 πόλει.

149 3973 298 4036 Vertunt
318 3976 434 4062 vulgo:
467 3981 609 4041 nihilo
638 3981 779 4042 secius
806 3987 844 4040 te
865 3973 1102 4060 opprobrio
1132 3971 1180 4030 li-

150 4059 295 4122 berum
325 4061 368 4120 in
397 4062 501 4126 urba
531 4065 711 4146 recipio.
765 4059 861 4142 Quod
884 4081 987 4144 quum
1013 4053 1178 4144 quomodo
