2812 4690
219 533 306 685 solp'
321 539 486 621 particule
516 534 575 619 peip
607 537 802 602 smtcntism
832 537 1004 600 connectat
1034 542 1110 599 c'nm
1145 550 1245 622 'prae-

219 643 257 688 ce
280 631 365 686 ente.

302 707 393 788 Quae
413 718 593 790 sequuntur
616 727 682 770 non
701 723 768 766 uno
789 701 887 768 modo
909 715 1033 769 tentata
1053 716 1130 768 sunt
1150 727 1170 768 a
1190 709 1244 770 vi·
1280 750 1285 758 .

220 793 268 854 ris
297 790 412 855 doctis.
475 791 682 854 Vocabulum
708 785 857 852 ὑπόδυσιν
883 790 947 869 jam
967 790 1130 850 Heathins
1163 811 1244 873 pro-

219 875 370 958 scripsit,
397 883 435 936 ut
455 876 603 962 ignotum
624 873 884 1018 lexicoprephis,
906 882 940 937 et
959 873 1168 935 Hermennus
1190 874 1242 936 di-

188 1017 191 1026 .
219 961 269 1022 cit
295 959 516 1023 recentiorum
536 979 605 1022 esse
631 980 671 1022 ae
697 965 824 1019 soutne
847 957 1008 1020 orationis
1029 959 1242 1039 scriptorum.

218 1043 376 1124 Reposuit
410 1053 518 1105 entem
545 1043 708 1108 Heathius
744 1037 910 1114 ὑπόδυσιν,
948 1041 1124 1123 probatum
1151 1041 1242 1103 Her·

217 1145 350 1193 menno.
392 1126 565 1190 Praeterea
594 1137 777 1210 postremus
796 1141 928 1201 versus,
957 1127 993 1184 in
1013 1142 1079 1206 quo
1110 1122 1242 1186 codices

217 1230 314 1273 mser.
337 1229 447 1273 omnes
467 1220 542 1294 post
563 1211 596 1274 δὲ
616 1211 772 1274 exhibent
791 1232 854 1283 τις,
876 1225 943 1269 uon
964 1209 1044 1270 setis
1065 1206 1242 1291 respondet

216 1295 403 1377 strophioot

345 1403 410 1454 σιν,
434 1377 507 1459 μετά
527 1377 551 1440 τ’
573 1373 668 1451 αὖθις
688 1377 720 1438 ἓν
738 1371 850 1460 χρόνῳ,

217 1483 300 1546 qnae
327 1463 460 1547 quidem
491 1465 589 1528 lectio
621 1475 654 1531 et
681 1463 830 1547 languet,
869 1479 930 1522 nec
956 1460 1022 1520 nisi
1043 1461 1079 1520 in
1099 1479 1165 1520 nna
1187 1460 1239 1526 ed.

215 1545 290 1609 Ald.
320 1551 501 1631 reperitur,
538 1551 641 1612 ceteri
668 1550 757 1608 enim
786 1545 866 1605 libri
894 1563 989 1604 mser.
1019 1563 1080 1627 pro
1111 1543 1185 1625 persi
1213 1544 1239 1606 ν’

217 1623 312 1704 αὖθις
332 1642 390 1694 aut
409 1633 463 1712 pede
484 1625 579 1706 αὖθις·
597 1631 755 1715 praebent
777 1638 834 1690 aut
853 1631 1012 1708 μεταῦθις.
1067 1627 1142 1690 Hoc
1162 1650 1240 1712 pro·

216 1716 294 1778 beto
307 1717 515 1778 Hermennns
537 1719 573 1779 in
593 1712 799 1795 antistropha
821 1715 869 1774 sic
887 1709 1097 1773 scribendum
1113 1722 1240 1776 censete

341 1798 483 1864 πεύσεται
504 1798 530 1861 δ
552 1799 641 1874 ἄλλος
663 1799 811 1874 ἄλλοθεν,
833 1819 963 1878 προφω-

340 1886 402 1944 νιόν
420 1883 458 1946 τὰ
478 1888 539 1946 τῶν
557 1886 651 1958 πέλας
672 1878 765 1957 κακὰ,

340 1971 425 2042 λῆξιν
444 1966 592 2032 ὑπόδυσλυ
610 1991 642 2030 τε
662 1966 788 2050 μόχθων

342 2049 418 2114 ἄνευ
438 2049 474 2113 τ’.
499 2049 535 2116 cri
556 2052 669 2134 βέβαια
688 2047 762 2112 τλά-

340 2159 404 2214 μων
425 2135 460 2196 ds'
476 2160 524 2210 τις
543 2135 725 2220 παρηγορεῖ.

216 2215 331 2282 Μόπνν
359 2221 447 2283 enim
475 2239 545 2284 esse
570 2223 897 2304 interpretamentum
922 2215 1099 2280 verborum
1129 2216 1165 2283 σό
1187 2217 1241 2300 βό-

215 2311 303 2385 flate.
359 2304 559 2367 Fritnschius
579 2302 661 2367 duos
688 2309 870 2387 postremos
889 2321 1004 2366 versus
1024 2304 1127 2390 magis
1158 2324 1239 2388 poe.

214 2391 281 2452 tice
301 2391 349 2450 ita
370 2390 437 2476 legi
456 2397 567 2472 putet:

331 2471 436 2537 ”Aeso
457 2470 483 2534 δ’
505 2471 542 2539 osi
562 2469 675 2557 βέβαια
694 2467 768 2537 τλά-

338 2582 402 2638 μων
422 2556 519 2638 μότυν
543 2559 724 2642 παρηγορεῖ.

216 2640 323 2704 »Aber
337 2641 396 2703 der
411 2643 509 2706 Arme
530 2642 708 2730 (Belregte)
730 2641 849 2704 triistet
861 2641 1040 2728 vergebens
1061 2645 1124 2706 mit
1143 2645 1238 2708 nicht

213 2726 374 2788 sicherem
395 2723 509 2787 Mittel
530 2725 590 2790 der
609 2727 781 2811 Rettung.<‹
831 2724 922 2789 Idem
942 2730 1138 2790 vocabulum
1160 2728 1237 2792 ὑπό-

213 2810 301 2872 δυσιν
320 2807 530 2873 retiuendnm
550 2831 619 2876 esse
649 2812 850 2888 arbitretur,
904 2808 970 2872 uod
991 2815 1090 2874 etiam
1112 2814 1235 2874 scholi-

211 2901 301 2955 astae
321 2912 401 2974 pree
422 2895 527 2957 oculis
553 2896 653 2957 fnisse
673 2892 834 2958 videatur.
879 2833 1004 2960 dentre
1024 2896 1235 2959 Hermannus

211 2977 369 3052 affirmat,
401 2977 487 3038 hunc
508 2977 655 3058 ὑπόδυσιν
681 2980 821 3066 legisse,
852 2977 910 3043 sed
935 2980 1018 3043 falso
1040 2981 1236 3062 explicuisse

210 3061 314 3123 verbo
344 3060 498 3145 διαδοχήν.
554 3062 650 3146 Quod
679 3065 747 3129 riri
775 3061 958 3127 doctissimi
986 3063 1146 3144 judicium
1168 3085 1236 3126 non

210 3163 343 3226 possum
363 3165 428 3207 non
449 3149 576 3213 mirari.
632 3145 697 3210 Sed
716 3156 856 3228 uterque
877 3156 976 3211 erret.
1033 3147 1120 3212 Nam
1141 3149 1236 3211 scho-

187 3227 322 3290 liastes
354 3231 402 3290 sic
427 3231 591 3295 scribens:
618 3229 763 3294 πεύσεται
792 3229 817 3292 δ’
840 3229 943 3312 illoc)
973 3230 1019 3294 cisi
1039 3228 1077 3294 τό
1100 3227 1236 3308 ἀλλήλων

211 3308 459 3378 rinocorurae
485 3318 538 3378 καῖ
559 3313 728 3400 cupiverat
752 3317 857 3380 κακῶν
878 3313 1050 3389 ἀνάπαυσις
1070 3321 1112 3362 -’
1133 3337 1236 3400 quum

209 3392 355 3458 πεύσεται
372 3402 535 3463 verterit:
568 3403 815 3486 comperiet,
840 3399 945 3486 neque
964 3421 1064 3464 vero:
1091 3405 1236 3464 scisci-

210 3480 392 3561 tabitur,
424 3503 491 3546 uou
518 3494 709 3569 potestant
738 3483 886 3550 ὑπόδυσιν
906 3495 963 3548 aut
984 3483 1133 3548 ὑπόδυσιν
1159 3496 1236 3549 ante

210 3564 324 3625 oculos
353 3566 525 3646 habuisse,
559 3590 619 3632 neo
642 3571 719 3632 voci
747 3573 832 3645 λῆξιν
863 3590 935 3633 eam
965 3572 1034 3650 vim
1067 3571 1233 3648 tribuisse,

210 3667 308 3730 qnam
328 3651 444 3730 solent.
496 3651 561 3715 Sed
590 3655 718 3740 legebat
744 3654 772 3716 is
801 3663 933 3738 aperte:
963 3653 1166 3730 ἐπίδοσιν,
1202 3663 1236 3716 et

208 3733 294 3806 λῆξιν
315 3733 380 3794 lton
401 3753 421 3795 a
442 3732 543 3816 λήγειν
557 3735 737 3817 derivabat,
757 3758 906 3802 verume
928 3735 1096 3821 λαγχάνειν.
1142 3739 1234 3820 Quae

208 3817 313 3902 igitur
334 3819 498 3900 scripturo
517 3840 596 3884 vera
611 3820 744 3886 videtur
764 3842 841 3888 esse.
884 3821 972 3885 Nam
985 3823 1042 3886 vul
1065 3832 1151 3886 atam
1174 3843 1235 3886 nec

207 3919 269 3984 ego
296 3905 479 3982 putaverim
513 3905 553 3966 ab
585 3905 746 3986 Aeschylo
773 3899 965 3990 prolectam.
1064 3927 1120 3970 um
1151 3925 1233 3970 vero

207 3983 394 4048 emendatio
418 3989 485 4049 loci
513 3991 553 4051 ab
575 3991 766 4054 Hermanno
793 3983 964 4075 proposita
985 4000 1102 4075 sponte
1123 3993 1233 4054 conci-

208 4064 281 4133 dit..
310 4070 351 4132 Et
364 4076 522 4157 prolecto
545 4076 665 4138 mirum
686 4083 786 4152 esset,
816 4077 847 4138 ei
868 4075 916 4155 ie,
938 4077 996 4159 qni
1016 4077 1152 4140 verbum
1173 4070 1234 4155 μό-
