2794 4692
1094 347 1193 422 cxl.

150 525 379 624 promulgat,
411 521 611 628 signifieat,
646 529 740 602 hano
764 525 928 623 judicum
953 524 1097 600 curiam
1123 536 1173 597 et·

150 626 228 702 iam
262 625 302 698 in
327 641 512 722 posterum
538 627 817 704 Atheniensibus
842 653 986 723 semper
1010 627 1175 700 futuram

150 751 246 822 esse;
284 730 418 802 collem
439 744 560 804 autern
587 732 737 824 Martis,
786 730 848 826 qui
871 729 965 803 unde
990 725 1175 828 cognomi-

151 844 259 903 uatus
286 829 358 920 sit,
395 829 519 904 fusius¹
539 831 707 926 exponit,
729 827 964 916 ¹insessurum
993 843 1098 924 atque
1120 825 1176 900 ibi

152 929 399 1005 reverentiam
430 928 569 1008 civium
600 948 635 1007 et
664 933 840 1008 timorem
868 946 1061 1033 cognatum
1093 953 1176 1027 pno-
1290 984 1296 994 .

151 1027 382 1124 bibiturum,
425 1057 471 1107 ne
494 1047 622 1109 eontra
646 1036 703 1130 jus
728 1046 896 1130 peccent,
934 1031 1090 1106 interdiu
1116 1053 1176 1126 pe·

153 1129 248 1205 riter
278 1143 386 1228 atque
418 1148 529 1208 noctu
546 1133 636 1226 ¹¹²),
683 1135 770 1231 ipsis
801 1133 941 1214 civibus
976 1136 1071 1232 leges
1104 1153 1177 1204 non

155 1232 382 1308 novantibus.
458 1237 539 1313 Hac
568 1237 682 1338 igitur
710 1233 872 1310 oratione
901 1234 1092 1333 interjecta
1108 1229 1177 1324 1¹³)

155 1483 159 1490 ·
258 1463 378 1538 proprie
409 1467 443 1522 ad
469 1466 671 1537 rempublicam
697 1464 896 1520 Atheniensem
926 1475 956 1520 et
987 1466 1021 1519 ad
1054 1467 1178 1520 luturuttt

259 1547 368 1607 tempus
386 1547 579 1606 spectantem,
598 1548 688 1591 tamen
707 1535 790 1591 simul
810 1534 893 1590 etium
911 1534 1028 1603 quodam
1046 1547 1179 1602 respectu

258 1605 294 1660 ad
312 1617 487 1674 praesentem
505 1619 629 1659 caussam
651 1605 749 1659 habito
777 1606 896 1676 positam
919 1621 1004 1671 este,
1038 1614 1070 1658 ut
1087 1606 1179 1657 Areo-

158 1681 162 1698 ·
259 1673 370 1746 pagitos
388 1690 487 1728 revera
506 1675 632 1728 videmus
658 1676 776 1745 paribus
798 1673 945 1740 suffragiis
965 1671 1035 1727 latis
1060 1673 1179 1726 mediam

259 1745 397 1812 quandam
414 1743 485 1799 viam
506 1744 641 1812 ingredi,
668 1760 721 1797 uec
739 1744 894 1809 licentiae,
913 1743 1017 1798 Oreste
1036 1743 1179 1806 absoluto,

259 1830 312 1867 nec
330 1811 435 1867 nimiae
451 1812 613 1894 severitati,
639 1812 734 1866 Furiis
752 1810 875 1867 victoria
894 1809 1019 1878 tributa,
1037 1811 1180 1867 'latentes

259 1881 318 1936 Sed
337 1882 431 1936 forsan
450 1884 505 1937 boc
523 1893 566 1937 est
584 1881 696 1937 ntmium
714 1898 860 1949 quaerere.
911 1881 950 1936 Et
973 1893 1067 1951 potest
1085 1883 1178 1942 locus,

159 1983 164 1992 ·
258 1950 312 2019 qui
336 1962 380 2006 est
396 1952 449 2006 *Vs
465 1955 515 2008 etr
541 1967 629 2020 sqq,
664 1952 827 2022 optimeiu
854 1951 940 2016 elium
967 1965 1078 2006 seusam
1105 1947 1201 2018 capi,-

261 2021 344 2075 tuodo
362 2037 485 2088 comma,
511 2038 567 2091 quo
587 2031 649 2091 post
668 2037 763 2075 vocem
781 2019 870 2073 πᾶσαν
887 2020 1053 2086 incidimus,
1082 2021 1181 2084 deleu-

159 2085 163 2100 '
260 2098 326 2153 tur,
346 2088 386 2143 ita
404 2091 532 2157 quidem:
556 2102 666 2156 (tacere
682 2093 820 2160 praeelati
838 2100 878 2144 et
896 2100 934 2145 ut
947 2089 1071 2144 discat
1094 2090 1181 2155 (haec

261 2159 352 2219 curia)
385 2170 575 2231 praecepta
603 2176 675 2214 mea
702 2159 970 2226 consiliumque
1003 2170 1110 2213 totum
1145 2157 1181 2212 itt

261 2239 493 2298 perpetuum,
519 2231 688 2285 ethorum
707 2239 825 2283 utcett.
871 2229 928 2284 Sed
948 2230 1016 2284 haec
1034 2229 1179 2282 hactenus.

262 2295 298 2337 -'
345 2295 500 2353 Praeterea
528 2298 581 2351 hoc
612 2315 733 2364 moneo.
774 2297 925 2352 Minervam
954 2311 1105 2368 praecepta
1130 2309 1182 2349 sue

262 2380 324 2419 cum
342 2367 415 2421 solis
430 2367 576 2435 judicibus
595 2367 816 2433 communicare,
839 2385 893 2421 uon
912 2368 996 2420 simul
1017 2367 1100 2422 etiam
1119 2381 1182 2419 cum

262 2436 397 2508 populari
415 2438 531 2504 quadam
552 2439 651 2502 turba,
688 2451 760 2506 quae
776 2439 805 2518 'qn
824 2453 907 2491 scena
931 2435 994 2489 sive
1012 2449 1111 2488 revera
1131 2435 1182 2487 ad-

262 2504 301 2558 sit
327 2505 389 2560 sive
413 2505 536 2574 fingatur
557 2507 678 2572 adesse,
707 2507 751 2560 vel
775 2507 840 2560 tude
858 2503 1011 2574 sequitur,
1037 2504 1112 2571 quod
1135 2500 1182 2555 illi

263 2575 321 2628 soli
338 2577 544 2645 compellantur
561 2577 596 2628 ab
618 2575 702 2629 initio
721 2575 879 2641 orationis;
915 2589 1076 2641 quamquam
1097 2573 1193 2626 verbe·

263 2643 327 2714 ipsa
349 2659 416 2698 sane
438 2642 478 2698 ita
502 2653 570 2702 sunt,
590 2657 766 2715 comparata,
802 2656 832 2698 ut
849 2661 881 2698 ea
901 2646 996 2715 potius
1014 2643 1047 2697 ad
1069 2640 1185 2697 univer·

264 2728 324 2767 eum
352 2714 491 2781 reliquum
519 2715 653 2794 populum
679 2715 901 2778 Atheniensem,
937 2729 1017 2781 quam
1044 2713 1079 2766 ad
1105 2711 1184 2783 ipsos

162 2801 166 2822 ¹
263 2783 452 2853 Areopagitas
470 2784 618 2853 dirigenda
635 2784 731 2838 luisse·
744 2783 852 2852 dicas3¹
875 2781 1042 2852 praesertim
1067 2798 1120 2863 pro
1149 2797 1183 2835 eo

265 2853 370 2918 modo,
394 2868 451 2921 quo
470 2854 567 2919 locus,
594 2854 645 2922 qui
664 2852 768 2923 incipit
784 2867 801 2905 a
819 2853 869 2908 Vs.
886 2855 955 2917 stu,
982 2851 1098 2906 auobts
1116 2867 1184 2904 cott-

266 2921 384 2977 stitutus
402 2933 456 2976 est.
500 2923 537 2976 Et
549 2924 624 2977 >baec
643 2922 706 2992 ipsa
724 2938 770 2977 rer
788 2934 851 2987 est,
877 2936 949 2988 quae
968 2922 1013 2976 vel
1035 2919 1185 2975 Muelle-

264 3005 305 3044 ro
323 3002 408 3060 etque
429 2992 633 3046 Hermanno
647 2994 748 3046 oculos
766 2990 944 3063 perstrinxit.
982 2989 1040 3045 Sed
1058 2993 1185 3059 Areopa·

264 3059 342 3128 gilae
360 3071 427 3115 suut
444 3059 523 3114 cives
542 3062 749 3126 Atheniensem
785 3071 900 3131 praeter
927 3061 996 3113 illos
1019 3061 1114 3114 nullus
1132 3061 1185 3113 bo-

265 3146 326 3184 rum
344 3131 442 3184 aderat
460 3131 489 3184 in
508 3145 615 3196 scenat
645 3149 715 3200 ergo
733 3146 804 3198 quae
823 3129 869 3184 bis
886 3128 1005 3183 dicenda
1024 3137 1125 3193 erant,
1151 3126 1186 3180 ad

265 3199 334 3254 illos
353 3199 434 3267 quasi
452 3199 549 3252 horum
568 3199 677 3254 nomine
694 3201 870 3268 diriguntur,
896 3216 948 3252 nec
965 3199 1056 3252 solum
1074 3196 1187 3252 nomine

265 3285 381 3336 eorum,
410 3269 460 3337 qui
479 3279 563 3335 tuuc,
589 3286 672 3338 quum
690 3285 735 3324 res
754 3281 816 3323 acta
833 3269 970 3335 fingitur,
999 3267 1078 3321 cites
1097 3268 1187 3321 Athe-

264 3340 379 3394 nienses
398 3349 496 3400 erant,
531 3340 581 3394 sed
600 3341 682 3392 etiam
701 3355 815 3402 eorum,
851 3338 900 3405 qui
926 3339 978 3392 hos
1004 3335 1186 3392 subsecuturi

266 3419 370 3464 esseut.
416 3405 560 3462 Similiter
576 3409 661 3465 etiam
680 3409 754 3462 infra
773 3407 822 3462 Vs.
840 3409 890 3462 utu
908 3422 970 3476 sqq.
987 3405 1044 3462 soli
1062 3407 1188 3476 Areopa·

265 3479 343 3548 gilae
361 3477 552 3549 appellantur.

164 3571 227 3636 112)
266 3572 347 3626 llaec
366 3572 453 3625 verba
477 3569 514 3624 in.
533 3572 587 3624 hoc
610 3571 812 3623 sententiarum
836 3585 913 3622 nexu
934 3568 984 3623 vix
1007 3565 1084 3623 aliud
1108 3583 1189 3634 quem

267 3655 419 3696 consessus
443 3640 587 3711 Areopagi
615 3647 672 3693 tura
698 3638 822 3692 interdiu
850 3649 906 3693 tutu
934 3647 1017 3693 noctu
1045 3638 1189 3691 habendos

267 3710 380 3778 signant
390 3749 401 3776 ,
429 3710 464 3763 de
482 3727 538 3777 quo
557 3719 621 3780 post
640 3708 827 3763 Meursiuut
846 3708 983 3764 dixerunt
1000 3711 1085 3774 Aug.
1102 3706 1189 3760 bllat-

271 3781 387 3844 thiae,
419 3779 533 3835 dissert.
552 3782 588 3834 tle
602 3780 694 3847 judic.
712 3777 893 3832 Atheniense.
910 3779 930 3830 1,
950 3795 974 3832 c.
993 3794 1019 3848 p.
1032 3779 1101 3840 ltu,
1126 3775 1189 3828 udo.

268 3849 321 3914 31,
355 3861 385 3904 et
402 3849 662 3913 Wachsmutn„
691 3848 836 3916 compend.
860 3846 968 3915 antiqq.
996 3863 1040 3916 gr.
1063 3844 1131 3900 Vol.
1149 3841 1189 3909 11,

267 3915 303 3970 Ρ.
322 3919 355 3984 1,
380 3937 406 3989 p.
425 3919 492 3984 ³39,
519 3918 570 3974 sed
588 3919 725 3974 hocloco
743 3917 883 3986 neglecto.

165 4013 228 4080 tta>
267 4009 348 4064 tanc
365 4011 478 4066 verbis:
495 4007 592 4079 Πάγον
609 4003 765 4078 duero»
780 4003 862 4062 τόνδ’
880 4039 912 4052 -
930 4004 960 4060 ἓν
978 4002 1008 4060 dl
1024 3999 1064 4072 «ᾧ
1080 4021 1106 4058 κ.
1122 3998 1189 4066 nl,

267 4079 436 4138 seutentiam
452 4079 589 4149 tumere,
612 4095 698 4150 quum
715 4079 761 4134 vel
778 4093 832 4150 per
848 4093 880 4132 se
896 4076 1019 4132 maxime
1037 4071 1189 4146 probabile
