2728 4690
1019 353 1122 436 913

92 521 174 586 bano
194 541 282 598 rem,
305 529 343 586 ut
362 523 399 584 iu
419 520 545 604 judicio
566 542 627 605 per
646 523 853 588 occasionem
872 523 1025 606 prolato,
1048 545 1116 591 nou

91 609 221 670 uberius
249 607 462 685 illustrasset,
500 609 616 686 facile,
644 607 702 670 sad
729 627 921 690 perperam,
954 605 1118 672 creditum

91 700 138 754 est
163 691 352 777 Boettigero
381 692 455 754 loco
480 693 546 771 jam
574 693 724 775 superius
751 712 784 772 p.
809 694 870 757 199
902 693 1005 754 allato
1031 692 1114 756 baec

84 771 274 855 'objicientis
313 773 440 837 »Alleiu
470 774 524 837 dis
573 795 653 838 anua
673 773 776 838 Stelle
805 774 940 837 bandelt
960 796 1027 854 vpn
1050 775 1116 840 den

89 857 241 938 Fackeln,
271 855 326 920 die
348 878 391 919 au
411 857 521 921 Ehreu
544 796 603 921 der
622 859 743 920 Furien
764 857 970 944 angeriindet
989 857 1058 920 und
1080 863 1117 922 in

89 941 180 1004 ihrer
208 939 353 1004 dunkelu
382 940 500 1004 Grotte
527 961 603 1008 vom
631 940 742 1005 Volke
768 942 949 1004 verbrannt
978 941 1116 1010 wardan

89 1027 237 1089 sollten.‹<
295 1025 387 1106 Quae
414 1046 514 1110 quum
546 1028 594 1088 ita
622 1028 708 1105 sint,
747 1023 900 1088 dubitare
930 1028 988 1090 vix
1022 1028 1115 1106 licet,

90 1111 289 1192 quinetiam
310 1107 383 1174 Vss.
406 1112 468 1176 959
490 1119 523 1172 at
543 1113 606 1176 976
633 1114 721 1173 faces
741 1108 958 1172 Eumenidum
987 1111 1115 1174 intelli-

88 1191 212 1294 gendes
240 1195 325 1272 sint,
353 1194 420 1256 nisi
448 1198 535 1257 torte
563 1193 761 1256 contendere
788 1193 892 1272 velis,
926 1191 1053 1275 aliquas
1075 1215 1115 1257 ex
1168 1263 1171 1268 ,

88 1279 131 1340 ris
157 1278 324 1360 personis,
355 1297 456 1360 quae,
483 1280 631 1360 quamvis
661 1276 704 1338 ad
731 1283 886 1360 pompar'n
913 1278 1114 1361 pertineant,

87 1369 194 1424 tamen
227 1381 295 1424 non
329 1360 365 1422 in
400 1361 531 1425 theatro
560 1370 789 1443 compareant,
823 1379 855 1425 v.
889 1381 916 1424 c.
946 1362 1116 1424 ministras

87 1443 277 1522 Minervae,
304 1453 474 1527 praeterea
504 1448 604 1510 etiam
635 1445 762 1506 facibus
791 1445 968 1507 instructas
999 1445 1112 1527 perhi-

87 1528 169 1594 beri.
212 1525 279 1590 Sed
300 1529 363 1590 hoc
383 1529 437 1592 vel
458 1550 519 1613 per
539 1551 573 1592 se
593 1547 710 1612 perum
731 1529 904 1612 probabile
925 1537 988 1604 est,
1010 1547 1115 1612 neque

87 1614 175 1674 enim
196 1632 278 1694 opus
299 1621 372 1674 erat
393 1611 553 1693 ejusmodi
573 1614 724 1690 fictione,
758 1631 858 1694 quum
887 1621 996 1675 tamen
1025 1616 1115 1676 laces

88 1693 247 1762 adessent.
309 1693 382 1760 Nec
409 1695 545 1775 dubito,
573 1699 670 1779 quin,
696 1695 786 1777 qnod
814 1697 965 1762 omnibus
990 1699 1115 1758 caussis

86 1781 226 1863 prolatis
247 1780 399 1844 eviscere
418 1781 552 1859 studui,
582 1780 637 1858 id,
668 1800 768 1861 quum
790 1800 808 1841 e
830 1781 913 1841 locis
934 1781 994 1842 sub
1015 1781 1115 1843 finem

85 1863 215 1927 fabulae
244 1865 351 1928 obviis
377 1884 462 1927 unus
488 1874 616 1926 tanturn
638 1872 671 1926 et
692 1883 733 1924 na
763 1862 945 1946 isquidem
973 1866 1038 1925 nisi
1060 1883 1113 1925 ar-

85 1949 248 2033 gumentis
270 1947 404 2010 aliunde
424 1950 537 2031 petitis
558 1951 608 2010 rei
630 1945 901 2010 demonstrandae
923 1948 1112 2025 inserviret,

85 2041 218 2112 reperto
239 2033 340 2095 semel
367 2032 408 2094 ab
431 2034 530 2094 initio
560 2033 705 2106 fabulae,
737 2033 792 2092 cui
814 2040 940 2093 certum
962 2029 1003 2094 de
1031 2031 1113 2114 ipsis

82 2115 190 2188 Furiis
218 2116 344 2178 facibus
374 2117 543 2178 instructis
572 2116 797 2178 testimonium
829 2117 967 2191 inesset,
1000 2116 1114 2177 statim

82 2201 137 2264 vel
157 2201 227 2262 sola
247 2201 309 2262 hac
330 2202 584 2262 ratiocinatione
611 2203 698 2262 lacta
720 2208 795 2280 apta
816 2199 1031 2282 comprobare
1052 2218 1112 2282 po-

81 2283 228 2346 tuissem.
277 2283 342 2346 Vel
368 2286 418 2348 sic
443 2293 553 2346 tamen
581 2285 682 2346 etiam
710 2282 789 2344 huic
817 2283 973 2365 scrupulo
996 2301 1111 2344 occur·
1161 2275 1167 2290 ’

82 2386 159 2430 rere
179 2368 271 2433 libet.
315 2367 415 2429 Dicat
434 2370 524 2430 enim
545 2368 683 2446 aliquis,
712 2385 830 2447 quum,
857 2363 946 2447 quod
967 2368 1112 2445 primum

82 2470 104 2512 a
131 2449 321 2536 Boettigero
354 2453 389 2512 in
418 2452 600 2532 scriptione
633 2445 732 2510 modo
764 2450 864 2510 citata
898 2469 931 2530 p.
960 2453 999 2525 6,
1042 2455 1111 2509 not.

81 2541 173 2597 recte
195 2544 244 2594 est
264 2534 487 2610 intellectum,
519 2542 608 2594 totus
637 2531 768 2593 fabulae
789 2541 921 2594 nostrae
942 2533 1049 2593 exitus
1071 2529 1114 2592 a'd

82 2637 237 2702 pompam
258 2617 435 2680 solemnem
455 2613 690 2679 Eumenidibus
716 2614 1032 2700 abbtbeniensibus
1054 2614 1112 2675 ha·

82 2703 157 2766 beri
178 2700 312 2764 solitam
332 2709 472 2784 spectet,
500 2709 630 2782 poetam
651 2699 704 2764 vel
725 2699 801 2762 ideo
823 2699 993 2761 nonnullis
1015 2718 1033 2760 a
1056 2718 1112 2760 co-

81 2790 202 2850 mitum
225 2804 361 2848 numero
382 2788 469 2848 faces
489 2785 666 2861 tribuisse,
695 2785 825 2847 etiamsi
854 2784 934 2845 illae
955 2784 1045 2872 ipsae
1067 2783 1111 2866 iis
1182 2847 1185 2854 ,

81 2878 191 2936 essent
219 2868 407 2953 praeditae,
446 2867 535 2951 quod
561 2870 597 2928 iu
626 2886 746 2950 pompa
773 2869 832 2930 illa
853 2887 932 2932 vere
953 2867 1030 2929 duci
1057 2885 1112 2929 so.

80 2957 145 3017 lita
171 2957 257 3017 iaces
285 2962 413 3040 gestare
439 2972 509 3014 mos
537 2954 650 3016 fuerit.
715 2950 778 3012 Cui
808 2971 868 3036 ego
896 2960 974 3014 ante
1000 2951 1113 3012 omnia

80 3039 321 3120 opposuerim,
370 3056 505 3120 prorsus
553 3036 703 3112 nesciri,
752 3039 917 3098 faciamus
961 3037 997 3097 iu
1048 3037 1113 3097 ista

78 3142 159 3186 usus
180 3123 300 3198 fuerit,
327 3141 369 3184 an
397 3123 522 3195 minus;
553 3129 641 3197 tum,
669 3128 708 3183 ut
727 3123 847 3198 fuerit,
868 3159 911 3172 -
932 3140 998 3202 quo
1020 3116 1111 3182 dicas

78 3209 229 3288 speciose
257 3207 378 3269 referri
408 3225 502 3288 posse
532 3206 649 3270 verba:
686 3205 815 3267 σπονδαὶ
845 3201 871 3266 ὅ
900 3204 916 3265 ε’
922 3229 937 3276 ς
962 3201 1002 3267 τὸ
1035 3206 1109 3266 πᾶν

77 3288 270 3364 ἕνδαιδες’
292 3287 403 3365 οἴκων,
436 3309 620 3371 quanquam
649 3288 712 3348 hoc
733 3291 869 3352 minime
890 3291 1111 3352 necessarium
1224 3293 1229 3300 '

77 3384 149 3452 est,
169 3414 211 3430 --
232 3382 361 3458 poetam
385 3385 491 3455 ‘aeque
513 3374 595 3436 bene
623 3374 744 3434 facium
764 3393 859 3436 usum
886 3374 983 3434 illum
1003 3380 1112 3455 poste-

77 3481 156 3524 rum
178 3464 214 3524 in
235 3460 342 3542 prima
363 3458 441 3533 hac,
463 3477 559 3541 quam
581 3457 695 3543 fingit,
723 3477 843 3540 pompa
865 3477 904 3519 eo
926 3455 1014 3541 quod
1034 3458 1112 3518 illas

76 3543 315 3610 Eumenidibus
347 3542 427 3624 ipsis
455 3542 521 3621 jam
547 3541 773 3626 praesentibus
802 3541 940 3621 tribuit,
976 3552 1112 3629 tangere
1138 3596 1142 3604 .

103 3631 238 3695 otuissa.

77 3647 101 3709 p
164 3713 206 3774 Et
238 3714 318 3776 haec
346 3709 478 3796 quidem
508 3713 675 3778 sufficiant
708 3709 749 3774 de
776 3710 903 3774 facibus
935 3711 972 3772 in
1001 3707 1114 3770 fabula

76 3804 197 3858 nostra
217 3799 481 3860 commemoratis
502 3795 686 3878 disputata3
716 3816 796 3877 quas
825 3815 923 3878 quum
945 3793 1112 3877 Boettige-

74 3897 137 3942 rus
160 3879 184 3942 l.
205 3878 228 3943 l.
250 3899 280 3961 p.
303 3883 345 3946 ts
365 3901 453 3964 seqq.
497 3879 733 3942 Eumenidibus
753 3879 908 3961 Aeschyli
929 3874 1113 3957 abjudicas-

72 3971 146 4040 set,
176 3981 361 4046 quanquam
388 3966 493 4046 probe
524 3973 697 4046 reputans,
732 3960 860 4026 easdem
882 3981 957 4026 cnm
978 3959 1114 4021 omniuo

70 4047 283 4132 crastenum
314 4048 488 4112 Eurisruns
524 4049 678 4133 proprias
710 4045 800 4112 tradi
836 4068 857 4112 a
895 4043 1114 4129 scriptoribus
