2652 4688
227 346 301 423 2:38
341 345 344 358 '

229 521 304 602 Peg.
327 521 383 597 19,
404 515 446 580 ad
468 514 524 578 Vs.
540 513 590 578 92.
634 513 765 576 Nollem
787 513 972 577 Hermanni
994 515 1266 580 emendationem

270 601 403 683 ἐκνόμως
424 600 548 661 indicta
569 619 680 660 caussa
701 597 918 680 respuissem,
953 621 995 662 ne
1017 599 1165 677 eodem,
1208 624 1265 685 qno

271 689 433 769 reliquas,
460 686 534 746 loco
557 683 706 764 habuisse
726 682 873 760 viderer,
896 703 1077 766 quaecum
1100 687 1266 747 facillima

270 773 331 845 sit,
370 780 438 832 tum
468 789 528 828 usu
549 769 639 829 vocis
660 765 804 846 ἐκνομίως
825 767 1070 850 Aristophaneo
1094 767 1189 844 (vid.
1211 771 1263 830 Vs.

271 856 343 920 982.
366 875 438 915 cum
460 851 568 914 adnot.
592 849 775 912 Hemsterh.
798 859 831 911 et
851 849 952 915 schol.
976 861 1077 933 atque
1100 851 1169 916 Vs.
1183 856 1263 926 993.)

271 946 305 999 et
334 942 528 1002 auctoritate
549 933 669 995 Suidee
697 934 736 1012 (s.
759 934 816 994 Vs.
838 933 998 1014 ἐκνομίως)
1024 937 1112 998 satis
1147 939 1262 998 contir-

272 1035 359 1086 mata
387 1023 496 1087 videri
525 1020 643 1102 possit,
686 1020 744 1100 qui
775 1016 892 1080 iisdem
919 1022 1009 1096 iere,
1054 1038 1147 1099 quae
1182 1019 1263 1102 apud

273 1110 374 1170 schol.
397 1104 564 1185 Aristoph.
593 1104 820 1184 reperiuntur,
858 1102 968 1164 verbis
996 1104 1123 1184 positis
1155 1102 1262 1166 addit:

273 1194 387 1274 λέγεται
404 1193 435 1252 δὲ
452 1191 504 1252 καὶ
518 1183 664 1274 ἐκνόμως.
700 1183 765 1246 Sed
786 1183 974 1246 dubitabam
989 1185 1164 1268 equidem,
1189 1209 1265 1248 num

271 1300 366 1340 nsum
381 1274 518 1350 Comici,
540 1273 573 1331 in
597 1265 754 1348 ejusmodi
773 1266 903 1352 quidem
922 1271 1109 1348 vocabulis,
1134 1272 1174 1331 in
1197 1275 1265 1352 qui-

241 1379 246 1388 ·
273 1365 332 1424 bos
348 1381 414 1423 non
432 1361 536 1420 solum
552 1352 748 1436 scriptorum
768 1360 924 1432 tempora,
942 1351 1124 1416 sedetiam
1142 1375 1262 1440 genera

274 1441 485 1507 discernenda
520 1438 692 1515 videntur,
732 1445 854 1497 temere
885 1435 925 1496 ad
963 1439 1115 1523 tragicos
1152 1448 1262 1520 poetas

263 1529 444 1593 ‘traducere
466 1527 589 1586 liceret.
633 1523 682 1582 De
702 1519 815 1606 Agam.
838 1517 894 1580 Vs.
913 1521 1004 1584 1452.
1028 1539 1178 1604 prorsus
1205 1543 1263 1584 non

274 1619 386 1698 liquet.
419 1612 469 1672 De
488 1609 591 1670 simili
611 1625 673 1666 usu
688 1605 779 1667 vocis
801 1601 934 1674 ἐξαίσιον
955 1605 1081 1665 nollem
1097 1605 1262 1667 Herman-

275 1721 335 1760 nue
355 1696 396 1759 ad
415 1695 515 1756 Hom.
531 1689 645 1770 Odyss.
661 1686 768 1762 XVII,
784 1687 857 1752 577.
879 1695 1112 1768 provocassem
1161 1699 1214 1752 est
1238 1693 1261 1748 is
1301 1681 1302 1700 ¹

274 1804 350 1848 sane
371 1777 458 1843 baud
477 1797 570 1838 rems
587 1775 726 1842 maxime,
742 1769 829 1852 apud
844 1771 1005 1852 sequioris
1022 1774 1102 1834 aevi
1120 1776 1261 1855 scripto·
1301 1823 1302 1830 ,

273 1889 343 1944 res,
379 1863 447 1928 vid.
469 1881 549 1945 quos
577 1858 691 1920 citavit
711 1854 896 1916 Heinichen
924 1853 966 1914 ad
985 1855 1107 1919 Euseb.
1133 1857 1261 1918 Histor.

274 1951 394 2014 Ecclcs
407 1948 481 2009 Lib.
495 1945 537 2022 11,
553 1947 603 2007 17.
621 1938 775 2018 Judicent
796 1936 929 2000 eruditi.
943 1936 1114 2016 Adjectivi
1138 1937 1266 2022 ἕκνομος

274 2037 392 2097 similis
422 2028 553 2112 quidem
591 2020 829 2106 quodammodo
862 2024 890 2083 si
915 2022 1060 2084 nificatio
1093 2033 1172 2101 est,
1216 2023 1265 2087 sed

146 2193 150 2202 f
275 2115 362 2199 apud
380 2115 482 2195 Orpb.
500 2113 681 2196 Argonaut.
695 2106 759 2168 νε.
776 2109 827 2168 60.
869 2043 980 2166 ideam
1001 2111 1265 2184 correctionem,
1301 2141 1302 2150 ι

277 2217 470 2284 quamquam
487 2191 760 2266 minustaeitem,
780 2199 819 2250 ut
835 2192 1053 2270 praeferrem,
1075 2203 1263 2272 praeterea,
1301 2183 1302 2250 ἶ

275 2285 374 2347 sicuti
401 2279 562 2354 indicavi,
606 2277 685 2338 lecit
710 2274 894 2336 scholiastis
920 2273 1123 2356 explicatio,
1176 2296 1265 2358 qoem
1301 2327 1302 2336 ,

276 2367 407 2452 quidem
428 2364 530 2447 probe
558 2357 803 2422 considerabam
830 2356 955 2418 verbis:
1000 2353 1037 2418 οὐ
1057 2355 1165 2436 μόνον
1186 2363 1264 2439 τιμᾷ,

277 2449 351 2517 ἀλλὰ
375 2453 427 2512 καὶ
449 2447 532 2528 σέβει
552 2465 645 2528 posse
665 2444 717 2505 vel
737 2442 841 2503 solum
865 2440 1058 2503 vocabulum
1087 2443 1186 2523 σέβει
1206 2447 1267 2504 cir-

276 2535 493 2602 cumscribere
513 2531 674 2603 voluisse;
716 2524 772 2588 sed
785 2525 859 2590 ¹hoc
883 2532 978 2605 pacto
999 2525 1097 2587 verbi
1127 2525 1267 2607 ἐκνόμων

276 2624 328 2687 vel
350 2617 564 2702 quodcunque
592 2609 684 2674 aliud
713 2609 786 2670 loco
809 2610 876 2690 ejus
899 2607 940 2669 ob
969 2609 1085 2670 oculos
1109 2610 1268 2687 habebat,

276 2707 400 2768 nollem
431 2703 563 2764 omnino
600 2697 762 2772 rationem
795 2691 945 2752 habuisse
981 2691 1156 2772 putandus
1189 2705 1268 2756 erat

275 2789 426 2854 Ceterum
439 2784 573 2847 verbum
591 2779 712 2859 ἕκτιμᾶε
727 2775 839 2838 eadem
857 2795 929 2835 cum
946 2775 981 2837 vi
997 2779 1151 2856 positum
1174 2799 1269 2862 repe·

244 2871 246 2876 ’
275 2877 363 2936 ritur
383 2865 470 2950 apud
489 2865 641 2946 Sophocl.
663 2863 782 2924 Electr.
805 2861 862 2922 νε.
885 2860 935 2922 64.
978 2859 1132 2942 Emperii
1155 2883 1269 2925 emen-

275 2957 441 3018 dationem
459 2946 607 3030 s'uyivoc,
637 2963 741 3027 nuper
761 2947 796 3006 in
813 2944 904 3008 Actis
921 2940 1097 3006 societatis
1117 2943 1269 3009 Graecae

276 3039 457 3123 Lipsiensis
478 3035 553 3097 Vol.
575 3034 602 3109 Ι,
631 3031 717 3094 Fasc.
740 3029 788 3104 11,
811 3049 843 3110 p.
866 3029 907 3090 90
927 3029 1157 3108 propositam,
1202 3051 1269 3092 non

279 3143 402 3186 moror.
878 3155 880 3160 ι

236 3245 277 3257 -
297 3211 414 3290 2lsq.,
433 3201 477 3264 ad
498 3201 553 3264 Vsa
577 3201 638 3264 104
647 3219 693 3280 aq.
716 3204 749 3257 et
770 3195 829 3261 115
842 3214 907 3275 sq„
934 3193 964 3252 si
984 3195 1071 3253 tanti
1093 3204 1166 3274 est,
1211 3201 1269 3258 cfr.

277 3297 381 3357 etiam
415 3307 497 3370 quae
536 3288 767 3368 congesserunt
804 3273 983 3341 Blomfield
1027 3276 1184 3342 Glossar.
1233 3278 1272 3340 ad

277 3366 392 3440 Aescb.
414 3373 522 3434 Prom.
545 3366 602 3430 Vs.
625 3369 695 3431 676.
718 3373 751 3426 et
771 3359 895 3448 Pflugk.
927 3357 1039 3424 adnot.
1073 3360 1116 3424 ad
1148 3364 1271 3445 Eurip.

276 3458 410 3524 Heracl.
431 3455 488 3516 Vs.
512 3455 582 3518 994.
839 3498 842 3506 ›

277 3546 360 3606 Mox
380 3539 423 3603 ad
442 3539 498 3602 Vs.
521 3541 590 3600 llo.
613 3556 652 3600 ex
679 3553 745 3598 uno
767 3530 837 3597 cod.
860 3531 942 3616 neg„
959 3529 998 3588 L.
1028 3527 1118 3609 apud
1149 3531 1272 3594 Faebs.
1301 3553 1302 3562 ¹

278 3648 338 3713 pro
359 3621 457 3686 πάντα
475 3622 570 3684 ταῦτα
594 3623 747 3690 enotatur
773 3619 904 3679 inverso
933 3611 1050 3679 ordine
1079 3615 1275 3696 scriptum:

276 3714 370 3776 ταῦτα
401 3705 510 3770 πάντα.
553 3702 631 3767 Vid.
663 3699 806 3766 Lobeet.
834 3698 944 3762 adnot.
972 3694 1015 3758 ad
1043 3692 1153 3778 Soph.
1179 3699 1274 3779 Ajac.

279 3799 338 3863 νε.
362 3795 452 3860 1023.
906 3808 910 3816 ‘

278 3876 424 3944 Subinde
443 3873 500 3939 Vs.
523 3875 592 3938 112.
614 3889 674 3953 pro
704 3871 868 3951 scriptura
895 3859 1098 3949 ἇρκυσμάτων
1129 3877 1277 3946 praeter

279 3967 382 4026 libros
409 3957 646 4022 aVVcllauero
676 3955 792 4016 citatos
820 3971 886 4012 non
914 3951 1022 4022 solum
1048 3951 1134 4011 facit
1167 3953 1277 4014 lectio
1301 3969 1302 4028 ι

278 4047 367 4108 Med.
391 4065 409 4106 e
431 4042 542 4105 collat.
562 4039 727 4124 Weigel.:
768 4031 1002 4117 ἆρκουσμάτων,
1025 4033 1086 4094 ubi
1106 4032 1159 4104 ad,
1181 4055 1277 4117 aspe·
