2812 4690
1109 431 1121 462 r
1151 431 1161 450 ,,

199 507 480 592 Νἰιίτικιτιιιηι
500 509 869 600 «impensis-principio
895 535 977 584 asse:
994 521 1157 601 κίτται,

140 607 352 676 curvatus.
397 597 477 662 Inde
508 610 581 676 orta
610 601 825 685 significatio:
861 621 1001 683 cavus,
1032 625 1158 669 came.

138 692 267 748 ratus.
319 679 385 744 Sed
406 715 449 728 -
470 681 505 744 id
526 680 614 766 qnod
634 680 741 758 adhuc
763 681 804 748 de
828 683 993 756 industria
1009 707 1077 750 non
1098 687 1158 752 ad·

137 769 322 834 notavimus
343 801 385 816 -·
405 763 491 828 idem
518 776 644 830 veteres
670 769 876 852 grammatici
904 772 1002 834 etiam
1031 779 1157 854 χθαριι·

136 847 190 922 tte
209 850 355 916 valuisse,
379 846 523 912 tradunt.
578 847 646 913 Gir.
667 870 698 912 v.
722 870 749 912 c.
772 849 959 920 Eustathius
987 854 1029 916 ad
1056 855 1156 934 Hom.

139 932 201 1000 Od.
223 931 322 1011 XIII,
343 931 401 998 Vs.
422 935 500 998 349:
526 929 704 1016 Ἐπηριῳές
725 933 757 995 δὲ
776 931 950 1017 καινότερον
970 939 1023 1016 μὲν
1044 936 1080 1002 τὰ
1102 935 1157 1000 αὐ.
1278 1001 1283 1015 .

136 1014 284 1098 τὸροφοκ·
314 1019 343 1078 οἱ
365 1015 397 1077 δὲ
417 1018 542 1080 παλαιοὶ
560 1015 716 1100 γράφουσι
736 1019 791 1078 καὶ
809 1016 1025 1100 χθαμαλόκ.
1064 1019 1157 1104 4διιο-
1243 1073 1245 1078 .

66 1127 68 1130 ·
136 1110 228 1165 ctant
255 1095 370 1162 eodem
390 1099 552 1180 Hesychii
571 1102 672 1165 verba
700 1119 798 1183 supra
829 1104 954 1166 citatas'
980 1103 1093 1185 κυρίως
1123 1103 1157 1168 δὲ

135 1183 189 1260 ἐπὶἱ
205 1185 266 1246 τῶν
284 1185 528 1265 ταπεινοττιγῶτ,
572 1183 648 1248 Neo
665 1184 763 1246 aliam
780 1184 874 1246 verbi
895 1187 964 1248 vim
986 1189 1022 1260 in
1043 1191 1155 1252 animo

136 1255 254 1332 habuit
274 1267 464 1331 scholiastes
485 1264 527 1329 ad
548 1269 658 1332 locum
677 1267 909 1348 Aeschyleum,
938 1267 978 1332 do
999 1289 1064 1374 pun
1079 1290 1155 1337 ser-

135 1371 191 1415 mo
220 1360 290 1436 est,
321 1351 465 1414 scribens
492 1350 594 1414 illude
635 1347 876 1429 καταβάλλει
905 1346 1013 1434 ριἰρη
1047 1349 1154 1436 ripheis

36 1455 39 1460 ’
134 1431 230 1500 Unde
250 1454 270 1495 a
292 1443 401 1517 paret,
423 1453 564 1510 errasse,
587 1437 644 1516 qui
666 1455 707 1496 ex
727 1433 778 1496 his
797 1435 906 1497 verbis
926 1455 1000 1498 eum
1022 1439 1156 1500 conclu·

135 1521 240 1582 serint
282 1521 421 1581 iversam
450 1518 623 1580 lectionem
651 1527 726 1579 anto
747 1518 860 1580 oculos
887 1510 1072 1591 habuisse„
1110 1521 1157 1584 At

135 1611 274 1686 quaerat
305 1602 441 1683 aliquis,
480 1600 643 1684 quomodo
675 1600 834 1678 vocabulo
871 1599 1048 1686 κατηριφῆς
1077 1605 1155 1666 talis

133 1687 229 1748 notio
250 1685 378 1748 subesse
398 1686 511 1767 possit.
553 1683 679 1766 Nempe
705 1682 768 1746 hoc
795 1685 992 1762 facillimum
1011 1687 1079 1749 erit
1100 1685 1156 1750 de·

134 1777 355 1851 monstratu:
373 1770 402 1831 si
429 1765 471 1828 ad
492 1769 695 1830 contrarium
711 1759 850 1842 ⁴verhn'm
878 1764 979 1850 ὀρθὰς
1005 1789 1155 1852 respexe·

134 1855 195 1918 ris.
249 1852 378 1914 Etenim
398 1853 496 1912 sicuti
517 1851 580 1912 hoc
600 1860 742 1914 rectus
772 1855 867 1913 sonat
887 1858 920 1913 et
942 1853 1041 1914 simul
1069 1873 1155 1918 ero-

133 1947 242 2015 ctns,
272 1936 320 1997 sic
348 1932 384 1996 id
405 1936 617 2013 vocabulum,
650 1936 740 2014 cujus
761 1936 931 2016 primitiva
952 1937 1154 2022 significatio

133 2021 216 2081 init:
247 2019 403 2098 flexus,
431 2026 653 2097 curvatus,
684 2019 807 2101 optime
827 2019 968 2080 transire
987 2022 1097 2100 potuit
1117 2021 1156 2082 iu

133 2103 234 2182 hanc,
274 2112 313 2163 ut
346 2101 565 2164 humilitatem
596 2100 790 2189 designaret.
854 2102 944 2183 Quae
977 2122 1077 2185 quum
1105 2105 1161 2166 ita'

135 2188 220 2265 sint,
251 2184 445 2262 videndum,
479 2204 521 2248 an
542 2205 608 2248 non
628 2187 781 2263 verbum,
809 2182 935 2267 dequo
957 2187 1085 2272 agitur,
1117 2189 1155 2248 in

133 2271 269 2334 coloso
291 2269 489 2349 Homerico,
514 2271 573 2332 ubi
594 2266 737 2332 aedilicii
759 2269 928 2351 epitheton
949 2277 1013 2346 est,
1041 2272 1153 2352 potius

132 2353 197 2416 hoc
226 2371 322 2416 seusu
349 2350 475 2416 dictum
502 2350 708 2416 statuendum
733 2354 787 2413 sit.
850 2351 951 2413 Idem·
971 2355 1030 2415 vix
1058 2350 1149 2414 dicas

133 2432 174 2500 de
195 2438 298 2500 simili
319 2435 607 2519 loco-Sophocleo.
661 2435 775 2514 ¹Quam
803 2435 839 2494 in
865 2453 935 2496 rem
962 2437 1022 2499 cir.
1051 2437 1152 2497 etiam

84 2515 89 2527 '
155 2521 241 2584 lossa
266 2520 476 2602 Hesychiana
502 2520 553 2581 his
581 2520 680 2581 citata
708 2526 742 2579 et
769 2516 914 2578 Eustath.
934 2514 987 2592 ad
1008 2515 1069 2582 Od.
1092 2515 1151 2594 1X‚

169 2626 194 2666 s.
218 2605 294 2670 183:
336 2604 367 2665 ἓν
396 2604 428 2666 δὲ
454 2604 605 2685 ῥητορικῷ
631 2602 736 2680 λιξικῷ
762 2601 814 2663 καὶ
839 2599 1009 2682 κατηρεφὲς
1039 2599 1153 2681 οἴκημα

133 2686 248 2768 λέγεται
278 2684 313 2751 td
347 2683 539 2750 ταπεινόν.
604 2683 701 2748 Certe
729 2703 767 2745 ea
795 2680 1036 2765 iuterpretandi
1063 2686 1151 2748 ratio

132 2793 199 2837 non
220 2770 352 2835 videtur
375 2774 518 2834 caruisse
539 2769 757 2851 locupletibus
777 2767 977 2835 auctoribus.
1029 2765 1154 2834 Redea-

134 2875 206 2918 mus
225 2857 291 2935 jam
312 2853 484 2918 adlocnm
504 2853 729 2932 Aeschyleum.
769 2899 771 2906 ι
1153 2879 1155 2882 ·

134 2987 137 2994 »
215 2938 324 3018 Patet,
359 2940 459 3002 sicuti
485 2936 680 3002 vocabulum
709 2930 806 3016 ὀρθὰν
826 2932 953 3018 duplici
980 2934 1079 3000 modo
1101 2938 1152 2998 in·

132 3022 243 3109 telligi
262 3023 382 3105 possit,
412 3025 460 3086 sic
480 3022 624 3096 scillcet,
650 3028 688 3082 ut
708 3027 766 3082 aut
786 3028 939 3082 rectum
958 3018 1152 3084 vertendum

131 3107 195 3186 sit,
225 3115 282 3170 aut
309 3116 509 3182 erectum,
541 3103 696 3166 similiter
724 3105 825 3166 etiam
851 3104 1012 3185 κατηρεφῆ
1032 3111 1090 3166 aut
1110 3101 1152 3166 de

133 3199 311 3254 curvato
331 3188 414 3273 pede
435 3187 578 3271 intelligi
599 3206 702 3269 posse,
724 3195 781 3248 aut
801 3185 842 3249 de
861 3184 945 3268 pede
965 3185 1007 3247 ad
1023 3195 1153 3248 terram

133 3271 347 3356 depresso.
400 3273 476 3335 Hoc
495 3271 604 3334 voluit
624 3270 825 3334 scholiastes.
876 3270 966 3332 Num
986 3257 1094 3356 igitu'r'
1111 3268 1153 3333 de

131 3357 204 3420 solo
233 3355 412 3444 gradiendo
427 3351 643 3441 cogitandum
665 3361 730 3432 est,
769 3354 827 3416 ubi
855 3351 969 3436 pedem
997 3361 1031 3415 et
1051 3354 1154 3496 eripi·

115 3461 206 3512 anus
233 3450 267 3504 et
292 3439 523 3522 deprimimus,
559 3456 660 3518 quare
681 3437 733 3500 vel
759 3456 824 3498 una
850 3439 914 3500 ista
933 3437 1023 3499 actio
1044 3433 1110 3515 dup
1125 3437 1154 3494 i·
1176 3448 1180 3455 ·

132 3527 166 3588 ci
187 3525 249 3586 hac
270 3524 382 3606 phrasi
403 3523 596 3605 praesertim
615 3522 663 3582 sic
688 3521 861 3600 conjuncta
878 3520 1005 3605 signari
1027 3519 1153 3598 possit?

132 3609 184 3674 An
205 3608 303 3669 simul
327 3605 367 3670 de
394 3605 522 3684 eundo,
550 3601 638 3686 quod
657 3605 727 3666 fere
748 3601 899 3666 denotari
926 3620 1020 3684 posse
1039 3598 1154 3664 credus

131 3692 242 3756 verbis
262 3689 344 3754 πόδα
365 3687 462 3772 ὀρθὰν
482 3679 602 3750 ’τιθέναι
622 3687 653 3748 h.
677 3707 704 3750 a.
729 3681 866 3766 ὅρθοῦκ,
896 3694 994 3769 atque
1021 3681 1151 3768 standp,

133 3793 234 3858 quum
253 3772 516 3857 πόδακατηρεφῆ
536 3770 655 3836 τιθέναι
675 3771 707 3836 h.
730 3790 757 3840 θ,
779 3766 979 3852 καταβάλλειν
1006 3788 1073 3832 non
1100 3769 1152 3830 in·

132 3867 207 3942 epta
229 3856 359 3920 dicatur
379 3861 425 3937 is,
447 3859 503 3940 qni
524 3862 607 3926 stat?
649 3851 710 3918 Sin
735 3857 900 3939 praeferas
926 3852 1028 3918 uerba
1046 3847 1159 3930 ’ὀρθόιι

131 3944 347 4023 οικατηριφῆ
366 3951 510 4008 vertera:
550 3949 709 4004 rectum
737 3948 771 4002 et
799 3941 956 4011 flexum
974 3938 1045 4005 sive
1065 3955 1153 4005 cur-

131 4034 285 4106 vatum,
302 4023 488 4098 dicendum
520 4033 590 4105 est,
610 4019 749 4090 'sectum
776 4018 893 4106 pedem
925 4040 995 4088 esse
1022 4020 1163 4102 emulis,-
