2812 4690
1086 367 1158 456 101

128 561 198 616 est:
231 538 359 614 eotsie'.
403 549 509 632 Quam
536 551 712 614 lectionem
737 545 938 614 Fritnschius
964 549 1157 626 servandam

129 638 276 712 censuit,
307 637 583 717 interpunctionis
611 635 725 718 signo,
757 631 846 715 quod
872 653 1000 696 comma
1025 645 1158 714 vocant,

129 729 207 804 post
226 719 363 783 verbum
383 715 522 780 καλεῖσθ’
550 720 659 802 posito
671 715 694 796 ,'
713 725 752 780 ut
776 721 946 799 sequentia
975 722 1157 802 appositio-

128 823 205 866 nem
227 804 374 866 efficiant
393 800 436 864 ad
457 800 703 885 praecedentia:
741 797 897 884 μαρτύριά
917 825 949 863 τε
969 807 1022 865 καὶ
1046 799 1157 883 τεκμή-

129 911 206 969 ρια,
237 887 318 950 haeo
346 895 462 947 notans
483 886 519 946 in
540 903 678 948 censura
705 905 737 968 p.
759 887 818 948 45:
861 885 928 949 »Ze
953 890 1060 950 vnisse
1088 886 1158 949 und

127 971 278 1038 Beweiso
297 966 432 1036 werden
459 970 538 1032 sehr
567 968 716 1053 poetisch
742 963 850 1050 ἀρωγὰ
868 972 933 1045 τῆς
965 972 1033 1047 iuna
1055 969 1158 1053 o‘psri-¹

128 1079 212 1136 ματα
232 1062 393 1142 genennt,
416 1051 446 1116 d.
470 1053 503 1116 h.
525 1051 815 1131 Eidschwiire,
844 1050 912 1115 die
932 1051 1004 1115 das
1026 1056 1158 1118 Recht

116 1141 443 1203 unterstiitnen.
504 1137 572 1200 Der
593 1134 735 1201 Schwur
754 1134 934 1224 behriiftigt
954 1136 1008 1200 die
1028 1138 1157 1202 Wahr-

128 1223 220 1298 heit,
256 1242 293 1286 so
318 1219 500 1307 bekri'itigt
529 1219 614 1282 auch
642 1219 700 1280 das
731 1219 779 1282 Ze
804 1222 891 1282 ‹ruiss
918 1221 987 1286 und
1017 1220 1078 1284 der
1098 1222 1157 1284 Be-

127 1308 222 1370 weis.
279 1305 372 1368 Auch
397 1313 542 1366 mussten
562 1302 617 1365 die
638 1240 951 1391 Zeugcuuehenfalls
971 1306 1156 1384 schwdren,

128 1391 198 1456 wie
218 1389 274 1453 die
293 1388 440 1455 Beweise
459 1385 664 1474 bringenden
684 1386 868 1451 Paneion«
912 1388 1036 1451 Eodem
1056 1388 1155 1452 modo
1240 1405 1243 1410 ’

128 1475 232 1538 verba
259 1479 390 1555 ceperat
410 1470 563 1533 Vossius:
609 1470 687 1532 »ihr
712 1470 793 1534 eber
813 1471 983 1559 Zeugniss'
1008 1472 1077 1544 und
1098 1473 1157 1536 Be-

127 1561 231 1622 weise
257 1559 326 1618 ruft
347 1556 493 1636 anjetstu
509 1555 641 1632 Heran,
670 1553 739 1616 des
760 1554 914 1618 Rechts
933 1555 1158 1621 Beistiinde

129 1640 263 1702 durch
283 1637 650 1724 Eidkriiftigung.s
699 1637 825 1702 Contra
844 1637 1036 1702 scholiastes
1058 1661 1158 1722 quum

128 1725 311 1787 scribebat:
331 1722 418 1804 ὑμεῖς
436 1720 469 1782 δὲ
487 1719 658 1804 μαρτύρια)
673 1721 760 1802 ὑμεῖς
773 1723 806 1786 δὲ
827 1721 940 1806 ὅρκους
961 1721 1052 1787 αὐτὸν
1073 1722 1160 1799 αἰτήὲ

130 1829 222 1884 oure,
252 1808 352 1872 verba
371 1801 526 1887 μαρτύριά
546 1828 579 1868 τε
600 1809 653 1869 καὶ
671 1803 822 1888 τεκμήρια
850 1805 892 1868 ad
914 1806 1080 1890 ὁρκώματα
1101 1829 1159 1890 ap·

127 1895 238 1976 posita
271 1891 444 1957 statuebat.
507 1890 603 1950 Iliam
631 1887 820 1972 explicandi
853 1894 1017 1955 rationem
1054 1895 1160 1974 possis

128 1979 229 2038 etiam
251 1977 299 2038 sic
321 1975 430 2036 intelli
454 1993 509 2036 ere
529 1974 633 2054 velle,
663 1983 703 2036 ut
722 1973 878 2038 Minerva
900 1975 963 2039 hac
989 1978 1025 2037 in
1047 1995 1160 2040 caussa

128 2061 319 2124 testimonia
357 2067 391 2123 et
428 1995 622 2120 documenta
666 2055 881 2138 jurisjurandi
919 2061 1009 2124 vices
1048 2070 1161 2124 tenere

128 2143 229 2208 dicat.
272 2143 344 2206 Nec
366 2151 477 2206 tamen
498 2142 617 2204 inutile
638 2143 764 2220 fuerit,
785 2139 850 2204 hoc
870 2146 1046 2208 monuisse.
1091 2143 1163 2207 No-

128 2237 199 2290 tum
220 2227 459 2310 estprincipio
481 2222 594 2288 eadem
612 2225 774 2290 vocabula
795 2244 864 2293 esse
886 2224 983 2310 ὅρκος
1003 2237 1037 2293 et
1057 2229 1159 2312 ἕρκος.

128 2309 217 2392 Quid
238 2313 361 2398 igitur,
394 2313 423 2372 si
451 2310 613 2372 hocloco
637 2306 805 2393 ὁρκώματα
825 2309 972 2372 dicamus
1015 2315 1088 2373 nasi
1110 2313 1160 2394 ἕρ.

128 2393 256 2474 αώματα
274 2396 409 2458 valere?
452 2391 509 2454 Sic
530 2392 655 2454 Noster
674 2394 712 2452 in
732 2390 821 2474 Sept
844 2393 1004 2456 contraT
1029 2395 1079 2458 eb.
1101 2395 1160 2456 Vs.

129 2479 192 2544 328
212 2497 291 2539 usus
313 2485 362 2538 est
382 2479 489 2538 forma
512 2472 631 2557 ὁραάνη
659 2493 723 2558 pro
751 2470 866 2558 ἑρκάαη
886 2484 923 2560 et
942 2476 1026 2539 alibi
1048 2476 1163 2556 ὁρκοῦ-

132 2586 188 2641 ρος
208 2559 334 2622 dicitur
354 2579 417 2641 pro
440 2560 597 2642 ἕρκουρος.
651 2559 816 2621 Convenit
835 2559 897 2620 tali
916 2561 1009 2623 vocis
1030 2561 1163 2622 notioni

130 2645 262 2733 egregie
282 2641 445 2724 adjectum
466 2643 603 2706 verbum
625 2637 742 2724 ἀρωγά.
797 2639 944 2705 Nomina
972 2645 1109 2706 exitum'
1126 2646 1163 2705 in

131 2752 216 2809 -ωμα
237 2727 392 2790 habentia
414 2729 450 2787 in
467 2724 598 2789 deliciis
622 2729 758 2787 fuerunt
778 2727 915 2813 tragicis
930 2735 965 2791 et
984 2729 1162 2811 praecipue

129 2811 309 2893 Aeschylo,
340 2830 379 2872 ac
410 2819 488 2872 sunt
521 2810 703 2887 nonnulla,
743 2827 827 2892 quse
854 2830 923 2874 uno
953 2809 1162 2875 solummodo

129 2899 205 2959 loco
227 2896 439 2957 inveniantur
459 2894 500 2955 ab
522 2896 626 2977 ipsis,
647 2901 748 2977 puto,
770 2890 902 2956 demum
921 2894 1009 2961 ficta.
1073 2893 1164 2958 Vide

130 2979 170 3042 de
192 2982 234 3041 iis
255 2976 449 3045 Schwenck.
473 2976 515 3039 ad
536 2978 639 3040 schol.
667 2979 704 3037 in
724 2977 858 3054 Eumen.
881 2976 924 3043 V.
945 2980 1027 3059 774,
1055 3000 1087 3062 p.
1109 2981 1162 3062 87,

131 3076 198 3126 not.
219 3063 284 3142 ***)
305 3071 340 3125 et
360 3059 528 3124 Theodor.
550 3059 669 3148 Bergk.
692 3063 727 3121 in
750 3060 1013 3126 Zimmermanni
1033 3061 1162 3144 diariis,

130 3169 158 3210 a.
182 3149 280 3224 1835,
302 3145 354 3213 M
374 3145 432 3222 35,
453 3165 485 3227 p.
507 3145 571 3210 315
591 3152 625 3207 et
646 3144 699 3217 M
721 3149 800 3225 119,
823 3168 856 3229 p.
879 3147 953 3212 955.

213 3231 372 3294 Maximis
411 3227 664 3290 difficultatibus
703 3229 848 3293 obnoxia
882 3239 959 3294 sunt
995 3238 1162 3314 postrema

129 3318 244 3395 verba,
272 3316 440 3399 quaejam
460 3321 643 3394 sequuntur
663 3311 743 3376 inde
763 3333 782 3375 a
803 3333 902 3379 versu
922 3317 994 3380 465.
1039 3315 1162 3398 Aperte

130 3408 304 3483 corruptus
325 3399 463 3460 ultimus
484 3415 615 3472 versus3
638 3393 696 3459 sed
717 3400 908 3479 quaeritur,
930 3419 1010 3462 num
1031 3398 1087 3460 hic
1110 3419 1163 3460 so-

130 3487 181 3547 lus
211 3484 319 3548 labem
346 3483 508 3560 traxerit,
544 3478 580 3542 id
629 3477 696 3543 uod
722 3482 823 3570 vulgo
851 3492 978 3566 putant.
1037 3479 1162 3562 Ὅρκον

130 3569 226 3653 περᾶν
261 3587 328 3630 non
369 3573 478 3650 potest
515 3565 566 3652 sig
593 3565 601 3581 '
628 3583 705 3628 care
744 3567 832 3629 nisi:
871 3567 1164 3649 ‘jusjurandum

132 3650 394 3735 transgredi,
422 3649 602 3715 violare.
646 3645 847 3712 scholiastes
867 3666 963 3714 vero:
996 3649 1088 3734 ὅρκον
1108 3675 1164 3714 πε-

134 3735 268 3818 ρῶντας)
298 3733 393 3818 ὅρκον
425 3730 576 3805 διδόντας.
641 3730 735 3794 Unde
767 3732 978 3799 Hermannus
1010 3738 1162 3814 conjecit,

133 3820 259 3882 homini
283 3820 404 3880 lectum
426 3819 544 3881 fuisse:
568 3813 663 3899 ὅρκον
684 3813 849 3898 πορόντας,
872 3839 970 3902 quam
986 3821 1163 3965 genuinam

134 3921 200 3966 esee
221 3910 338 3984 poetae
359 3922 490 3963 manum
511 3909 631 3963 censet.
691 3901 764 3963 Nec
785 3905 891 3966 ausim
912 3904 989 3987 equi
1013 3923 1065 3966 em
1086 3919 1162 3966 cum

132 3987 297 4050 Muellcro
318 3982 489 4062 dubitare,
522 4005 601 4048 num
621 3986 650 4048 is
671 3985 720 4047 ita
740 3988 889 4069 potuerit
909 3987 1071 4062 scriherc3
1107 3985 1164 4072 ὄρ-

134 4097 184 4136 αια
212 4067 328 4148 πορεῖα·
350 4069 400 4133 bis
428 4071 596 4152 reperitur
623 4068 710 4156 apud
738 4069 953 4155 Apollonium
982 4067 1161 4142 Rhodium.
