2728 4690
254 335 329 410 200

256 509 367 570 schiris
388 511 422 570 in
452 509 542 584 loco,
576 525 669 588 quern
694 503 796 567 'rnodo
818 503 1050 572 exscribendum
1078 507 1281 568 curavimus.
1334 517 1335 588 1

257 594 365 671 Quare
386 594 505 656 vellem
526 593 625 652 etiam
647 589 689 650 ad
710 591 846 652 alteram
873 586 956 648 hanc
977 589 1172 668 obiectionis
1205 609 1280 668 par·
1334 597 1335 636 l

258 686 324 738 tem
345 673 567 757 respondisset
588 672 791 748 Muellerus,
813 683 913 752 quum
932 673 1128 752 praesertim
1149 692 1191 732 ex
1213 676 1282 750 ejus

258 759 546 840 interpretatione:
585 757 801 840 ›sFeuerglanu
822 757 901 815 lasst
925 758 1077 816 flammen
1095 757 1194 834 jetst«
1224 758 1282 818 vix

259 844 337 902 satis
359 850 510 904 accurate
538 842 693 927 cognosci
714 840 834 920 possit,
872 837 1035 918 quomodo
1057 840 1168 900 locum
1189 859 1282 902 acce-

258 927 357 1006 perit.
406 923 444 986 Si
464 935 573 986 tamen
593 924 693 987 verba
714 925 778 983 ista
797 921 838 984 de
858 921 983 984 facibus
1004 923 1191 998 intellexit,
1226 942 1282 984 ue·
1334 991 1335 1002 χ

224 1061 227 1070 .
260 1010 340 1086 scio,
362 1007 525 1090 quomodo
546 1015 689 1070 statuere
709 1008 865 1087 potuerit,
886 1006 950 1082 jam
971 1013 1199 1067 anteversum
1221 1009 1283 1070 957

259 1089 461 1170 πρυπσμπούς
483 1109 557 1152 cum
586 1089 835 1151 ardentibus
864 1085 968 1148 taedis
997 1088 1202 1152 orchestram
1232 1093 1283 1149 in-

260 1189 384 1260 gressas
406 1195 485 1238 esse.
545 1173 611 1236 Sed
637 1174 717 1234 licet
746 1173 856 1233 locum
876 1172 975 1233 etiam
996 1172 1097 1232 aliter
1117 1173 1282 1252 interpre-

260 1261 341 1334 tari,
365 1261 520 1319 nimirum
542 1260 608 1336 sic,
627 1266 665 1318 ut
685 1257 771 1341 ignis
793 1256 829 1316 in
848 1254 1010 1316 sacrificio
1032 1255 1108 1334 (cir.
1128 1253 1188 1316 Vs.
1205 1260 1282 1326 960)
1334 1249 1335 1288 ³

201 1365 204 1370 ’
259 1338 481 1404 attendendus
507 1341 728 1426 significetur,
763 1339 799 1398 in
827 1350 924 1422 quam
954 1357 1024 1400 rem
1053 1341 1225 1414 conferas,
1254 1343 1283 1400 si
1334 1359 1335 1392 1

260 1427 346 1487 tanti
374 1434 439 1500 est,
489 1420 702 1504 Euripideum
730 1419 831 1485 illude
873 1422 934 1502 πῦρ
972 1418 1145 1503 ἀνάψουσιν
1180 1423 1281 1496 θεοῖς,
1334 1439 1335 1448 ³

262 1507 367 1571 Oreet.
389 1507 446 1569 Vs.
471 1510 551 1571 1130
571 1506 691 1568 Mattb.
752 1507 795 1566 Et
824 1505 909 1566 hanc
936 1503 1067 1587 quidem
1088 1525 1149 1591 ego
1178 1507 1284 1591 expli·
1334 1523 1335 1606 p

262 1591 359 1660 cendi
380 1593 542 1653 rationem
558 1592 722 1654 veriorem
743 1609 811 1652 esse
832 1608 959 1666 censeo,
979 1597 1017 1650 ut
1038 1592 1128 1649 infra
1147 1587 1283 1650 demon-

260 1676 429 1739 strabitur.
477 1675 527 1736 De
554 1673 679 1734 facibus
708 1675 736 1733 si
758 1673 887 1755 capitur
915 1672 1022 1752 locus,
1051 1691 1130 1734 sane
1151 1682 1285 1754 oportet

260 1768 298 1819 ut
319 1757 494 1820 Frituschii
515 1759 608 1819 illam
628 1759 823 1818 sententiam
844 1757 1087 1838 amplectamur.
1132 1755 1283 1836 Namque

260 1843 290 1902 si
319 1845 391 1924 quis
420 1860 493 1902 eum
524 1843 572 1903 sic
598 1843 668 1902 fera
689 1849 821 1902 vertere
847 1841 964 1901 vellet:
1000 1849 1039 1902 et
1066 1840 1139 1900 lux
1168 1842 1284 1924 ignis

261 1929 426 1986 feratur
446 1926 515 1986 sive
534 1924 743 1985 celeriter
772 1920 960 2000 incedat,
982 1925 1104 1984 collato
1127 1945 1160 1986 v.
1185 1945 1214 1987 o.
1236 1925 1285 1984 lo-

262 2029 301 2068 eo
329 2004 515 2086 Euripidis,
549 2009 607 2087 qui
638 2016 687 2068 est
707 2005 814 2092 Iphig.
837 2006 939 2067 Taur.
964 2006 1007 2071 V.
1031 2010 1112 2071 1107
1143 2005 1283 2069 Martha

263 2085 326 2150 ἕνθ’
356 2085 475 2152 ἐνάλιον
501 2085 619 2170 ἔρχεται
645 2091 729 2170 arip,
754 2098 791 2150 ut
818 2089 939 2150 facium
960 2097 1140 2175 gestatores
1171 2110 1285 2172 proee-

263 2171 340 2232 dere
360 2173 546 2249 jubeantur,
568 2175 596 2232 is
619 2174 729 2252 potius
750 2191 862 2234 cursus
884 2192 958 2234 cum
978 2173 1103 2238 facibus
1126 2175 1285 2252 instituti,

264 2270 360 2338 quam
380 2254 500 2324 Graeci
520 2255 790 2338 λαμπαδηδρομίαν
811 2257 988 2334 vocabant,
1016 2275 1116 2336 qrtam
1141 2277 1287 2340 pompae

263 2339 410 2424 graviter
441 2337 621 2402 incedentis
650 2340 922 2425 significationem
950 2339 1120 2404 inveheret
1147 2342 1290 2424 ineptis·

263 2424 364 2496 simas
404 2424 508 2484 altera
536 2431 644 2484 autem
675 2421 915 2504 interpretandi
948 2424 1054 2502 ratio,
1083 2444 1192 2506 quae,
1229 2427 1290 2487 illo

166 2556 172 2570 ,
263 2509 389 2589 posito,
411 2509 511 2568 statui
532 2509 651 2589 possit,
674 2509 811 2568 iuferius
832 2507 1042 2573 refutabitur.
1064 2541 1106 2556 -

255 2629 256 2632 =
347 2591 471 2652 Verum
493 2591 556 2667 jam
571 2609 689 2670 operae
710 2608 825 2651 censeo
847 2609 927 2668 esse,
949 2590 1107 2656 nonnulla
1129 2591 1176 2652 ad
1198 2596 1292 2677 prin·

264 2674 404 2753 cipelem
424 2675 644 2752 quaestionem
666 2674 886 2754 pertinentia,
908 2673 949 2736 de
970 2671 1086 2755 quihus
1107 2673 1293 2740 dissentire

264 2767 322 2817 nos
345 2757 466 2818 avitis
489 2754 593 2818 doctis
615 2757 650 2815 in
671 2757 865 2842 antegressis
887 2759 1006 2839 passim
1033 2759 1097 2836 jam
1119 2760 1295 2845 significa·

263 2843 387 2916 vimus,
409 2845 543 2920 atquae
564 2842 670 2921 posite
691 2841 794 2924 magis
816 2858 913 2920 quam
934 2837 1159 2904 demonstrata
1180 2844 1296 2907 videri

264 2923 408 3003 possint,
446 2925 644 3008 argumentis
667 2923 861 2986 confirmare
888 2932 921 2986 et
943 2925 1069 3005 rectius
1097 2927 1294 3006 explicare3

264 3007 351 3079 alia,
390 3025 472 3086 quae
503 3025 601 3088 supra
635 3006 788 3066 inchoata
822 3015 898 3087 post
930 3007 989 3068 illa
1020 3005 1153 3068 demum
1195 3031 1298 3074 accu-

265 3090 369 3150 ratius
392 3097 530 3150 tractata
555 3099 629 3172 apta
650 3085 826 3167 dijudicari
846 3099 997 3171 possunt,
1025 3088 1194 3154 adfinem
1219 3115 1299 3176 per·
1334 3101 1335 3152 i

266 3170 402 3244 duceret
442 3187 556 3235 eorum
585 3171 740 3257 denique,
771 3191 853 3254 quae
881 3175 1005 3236 intacta
1036 3171 1145 3236 adhuc
1181 3186 1300 3240 tamen

265 3256 482 3336 explicatione
526 3265 644 3342 egent,
692 3255 854 3319 'rationein
892 3257 1020 3320 habere.
1083 3257 1160 3337 Quo
1203 3253 1300 3324 facto

265 3345 411 3400 nostram
432 3338 473 3402 'de
500 3341 617 3402 lacuna
646 3339 705 3401 illa
727 3339 911 3421 etquidem
938 3342 1147 3423 potissimum
1176 3341 1224 3408 de
1248 3367 1302 3406 ar-

265 3423 417 3504 gumente
439 3442 553 3485 eorum
574 3442 656 3505 quae
677 3424 869 3485 exciderunt
889 3427 1100 3502 sententiam,
1128 3438 1303 3506 quantum

217 3533 219 3536 ·
264 3507 340 3567 fieri
360 3508 501 3586 poterit,
523 3505 668 3570 dilucide
689 3510 891 3590 propositam
912 3508 1148 3573 exhibebimus.
1296 3508 1300 3514 ’

264 3591 305 3658 tat
348 3589 444 3669 Quod
464 3593 568 3676 igitur
589 3593 653 3671 jam
674 3593 823 3673 superius
844 3592 1057 3668 asseruimus,
1079 3593 1186 3656 iniis
1212 3617 1306 3679 quae

264 3672 419 3734 lamneus
446 3672 523 3735 inde
545 3695 565 3736 a
584 3684 682 3738 'versu
697 3677 763 3738 '957
784 3694 885 3755 usque
905 3673 948 3736 ad
967 3694 1097 3740 versum
1119 3677 1209 3757 985,
1251 3684 1305 3741 ni·

263 3720 314 3816 hii
335 3759 449 3834 inesse,
472 3756 558 3819 unde
581 3757 765 3836 concludas,
788 3767 992 3839 praetereas
1013 3777 1187 3840 personas,
1210 3785 1306 3846 quae

228 3899 230 3904 ,
262 3841 326 3918 jam
345 3850 440 3902 autea
469 3842 639 3920 affuerint,
674 3842 756 3901 alias
777 3843 943 3904 theatrum
972 3844 1133 3926 ingressas
1157 3865 1239 3910 esse
1264 3846 1307 3908 ad

262 3933 414 4007 pompam
456 3923 633 3986 solemnem
666 3927 891 4007 pertinentes,
946 3927 1095 3988 omnibus
1140 3927 1306 4008 indiciis,

264 4027 346 4090 quaa
368 4009 432 4071 huc
452 4009 593 4087 iaciant,
616 4009 776 4096 congestis
797 4005 1060 4093 ponderatisque,
1083 4006 1309 4082 demonstra·
