2770 4690
216 310 403 390 XXXVIII

320 597 452 668 argutias
477 605 602 667 captare.
656 593 714 648 Sed
741 591 816 661 quod
836 591 1006 650 Genellus
1023 608 1166 662 caussam,
1202 611 1252 649 cur

323 669 378 722 illa
395 666 537 736 patuerit,
569 663 750 718 asabitanea
773 662 840 729 iuga
857 662 983 740 Pythiae
1008 665 1131 735 repetit,
1168 680 1253 732 quum

323 737 370 791 vel
388 738 458 790 haec
477 750 541 791 num
559 732 660 787 idonea
678 733 718 786 sit
736 730 842 786 certari
860 733 970 800 possit,
999 733 1131 801 quoniam
1149 749 1249 799 aeque,

324 805 469 860 medicam
486 801 591 870 magis,
619 810 833 855 cousentaneum
851 810 910 868 est,
936 809 1026 856 vatem
1044 805 1082 856 ob
1101 803 1132 856 id
1149 802 1252 873 ipsum,

324 874 400 942 quod
415 873 518 928 Furias
537 871 716 936 reformidat,
744 874 855 936 Jauuam
873 871 1027 936 clausisse,
1058 888 1142 939 quum
1167 887 1251 942 prae·

325 943 426 999 sertim
442 961 498 998 non
516 941 610 997 statim
627 955 746 1010 prorsus
765 939 883 993 decedat
899 941 936 994 de
954 956 1053 1006 scena,
1071 940 1122 994 sed
1140 940 1170 994 in
1190 941 1254 1011 ipso

324 1012 436 1068 aedium
455 1011 576 1067 introitu
595 1009 727 1074 resistat,
753 1019 826 1071 tum,
852 1019 885 1061 ut
901 1009 1047 1077 patuerint
1064 1010 1177 1076 valvae,
1203 1010 1255 1062 do-

327 1099 382 1136 nec
401 1091 480 1137 vates
498 1079 718 1143 sermocinatur,
750 1074 824 1129 illud
843 1087 933 1131 tamen
951 1078 1080 1148 prolecto
1097 1077 1256 1132 verisimil-

327 1151 427 1204 limum
443 1159 504 1216 est,
538 1147 703 1219 Apollinem
726 1147 837 1212 januam
861 1162 916 1201 non
941 1156 1067 1218 apertam
1092 1146 1256 1214 reliquisse,

325 1235 410 1286 quum
433 1217 575 1290 prodiret,
611 1213 837 1285 quandoquidem
860 1231 910 1280 ea,
945 1233 1017 1284 quae
1043 1225 1109 1271 ante
1131 1217 1210 1270 iores
1229 1221 1258 1268 et

326 1287 456 1343 dicturus
475 1298 536 1342 erat
554 1295 583 1340 et
600 1294 782 1357 peracturus,
802 1282 842 1339 ita
859 1295 1019 1354 comparata
1036 1295 1133 1351 erant,
1152 1293 1182 1338 ut
1199 1285 1257 1338 Fu·

326 1357 382 1411 riis
405 1358 505 1427 quavis
528 1354 659 1410 cautione
681 1353 812 1408 adhibita
836 1354 954 1410 celanda
978 1363 1082 1408 essent.
1118 1355 1199 1422 Ergo
1214 1357 1258 1422 ja·

327 1442 398 1492 uua,
435 1427 462 1480 si
481 1426 624 1497 perhanc
646 1437 757 1478 scenam
782 1423 908 1492 patebat,
944 1427 1061 1478 necesse
1078 1433 1140 1489 est,
1175 1432 1206 1478 ut
1223 1423 1259 1476 ab

331 1495 342 1548 i
364 1511 396 1548 sa
413 1496 448 1550 Gl
471 1501 639 1550 taemnestra
656 1503 755 1562 aperta
774 1492 871 1546 luerit.
905 1493 944 1545 At
961 1509 1013 1547 cur
1031 1493 1071 1548 ita
1089 1495 1258 1547 statuemusl
1283 1519 1287 1538 ·

358 1581 403 1618 um
421 1513 489 1631 illya,
526 1579 608 1632 quum
627 1579 665 1615 ex
691 1561 792 1614 Inferis
815 1570 947 1628 surgeret
963 1560 1066 1616 Furias
1090 1561 1259 1628 excitatura,

328 1633 492 1697 nesciebat,
524 1635 575 1687 bas
594 1632 623 1685 in
643 1632 748 1701 templo
769 1630 914 1699 Apolliuis
932 1632 1060 1698 versari,
1094 1632 1210 1685 eaedem
1229 1641 1260 1685 ut

329 1703 413 1774 prius
431 1720 485 1774 per
508 1704 620 1769 ianuam
641 1710 770 1766 tanquam
788 1701 823 1752 ab
848 1698 1052 1768 investIgaute,
1088 1701 1134 1755 vel
1152 1699 1279 1770 potius·

306 1807 310 1816 ·
330 1787 415 1839 quum
433 1789 469 1828 ne
489 1771 543 1824 hoc
562 1767 675 1837 quidem
693 1768 823 1821 idoneam
842 1767 980 1822 rationem
999 1770 1105 1823 babere
1122 1768 1261 1835 videatur,

330 1834 414 1906 casu,
449 1849 574 1909 apertam
592 1836 810 1906 conspiciendae
832 1849 945 1904 essent,
980 1854 1061 1905 quam
1081 1837 1111 1892 iu
1129 1839 1261 1904 querelas

331 1917 362 1961 et
384 1906 771 1974 crimInationeserumpcre
792 1909 906 1976 possetl
958 1908 1003 1961 Au
1025 1907 1201 1961 incredibile
1219 1906 1261 1962 vi-

275 1997 282 2008 ·
330 1975 398 2029 deri
416 1974 627 2045 spectatoribus
643 1974 782 2040 debebat,
818 1975 909 2029 valvis
927 1992 983 2030 nou
1007 1977 1171 2046 patentibus
1190 1975 1262 2046 Gly-

333 2055 520 2098 taemnestrae
545 2042 720 2113 increpantis
738 2054 767 2097 et
792 2045 973 2099 exhortantis
990 2045 1077 2098 verba
1098 2046 1174 2100 elata
1191 2062 1262 2099 voce

331 2114 445 2184 prolata
459 2111 553 2168 audiri
568 2129 584 2166 a
598 2109 695 2166 Furiis
711 2121 777 2182 post
792 2129 903 2166 scenam
917 2113 1134 2180 dormientibus,
1153 2115 1210 2182 vel,
1228 2115 1263 2166 ab

332 2182 426 2237 altera
442 2190 541 2252 parte,
574 2183 671 2234 barum
689 2181 911 2236 exclamationes
930 2192 959 2236 et
976 2183 1190 2237 adhortationes
1207 2199 1263 2236 non

331 2251 424 2305 minus
448 2253 526 2305 clare
548 2249 747 2320 pronunciatus
770 2251 1031 2320 aclytaemnestra
1057 2269 1145 2319 seque
1172 2252 1263 2322 ipsisi

331 2319 372 2373 At
388 2335 444 2374 uon
462 2321 564 2374 desunt
581 2319 691 2374 similes
709 2335 811 2374 scenae
831 2321 861 2373 in
879 2320 932 2388 iis,
959 2337 1030 2388 quae
1048 2321 1191 2389 hodieque
1210 2337 1262 2374 ex-

331 2398 422 2458 stant,
449 2389 569 2455 fabulis,
595 2388 662 2453 ubi,
685 2392 769 2456 janua
787 2390 900 2456 clausa,
923 2400 982 2445 tum
1000 2389 1036 2455 ii,
1062 2389 1157 2458 quiin
1176 2407 1262 2444 scena

334 2470 415 2528 sunt,
438 2475 502 2527 eos,
527 2457 576 2528 qui
594 2470 676 2513 extra
694 2474 805 2512 scenam
823 2466 982 2527 versantur,
1001 2461 1186 2531 compellant,
1206 2468 1264 2514 tum

334 2528 399 2594 vice
415 2544 499 2582 versa
518 2529 560 2593 ii,
579 2529 629 2595 qui
648 2536 731 2582 extra
749 2543 862 2582 scenam
879 2538 956 2594 sunt,
981 2543 1046 2595 eos,
1065 2529 1115 2597 qui
1133 2529 1162 2582 iu
1179 2527 1265 2582 scena
1318 2557 1320 2564 ι

335 2599 487 2652 stationem
509 2598 629 2662 babent,
666 2597 727 2661 vel,
765 2598 841 2664 quod
863 2613 947 2651 unum
965 2596 994 2651 in
1013 2597 1065 2651 bac
1085 2597 1181 2651 tabula
1199 2596 1264 2651 fieri

262 2711 265 2718 ,
335 2665 479 2731 videmus,
498 2665 545 2719 illi
563 2682 660 2720 vocem
678 2682 754 2721 suam
770 2666 898 2734 mittant,
916 2667 972 2720 nisi
990 2669 1064 2734 quod
1082 2666 1265 2738 Clytaemne-

335 2743 413 2790 strac
432 2735 531 2805 paullo
549 2734 697 2804 longiores
715 2751 857 2788 sermones
875 2743 955 2803 sunt,
981 2736 1056 2802 quod
1075 2736 1213 2790 tamenin
1232 2752 1265 2789 re

334 2819 440 2858 summa
456 2802 530 2856 nibil
548 2804 665 2870 differt,
690 2821 726 2858 ne
744 2821 871 2871 urgeam,
898 2803 946 2859 bic
963 2814 1079 2874 spectra
1097 2803 1216 2875 produci
1235 2813 1265 2858 et

334 2873 465 2938 numina,
500 2889 555 2926 non
581 2875 718 2927 homines..
766 2875 806 2927 Et
820 2876 900 2930 ,baec
918 2873 1032 2942 quidem
1049 2877 1153 2929 cadunt
1170 2875 1217 2927 vel
1235 2872 1265 2926 in

335 2941 524 2996 Genellum
543 2952 627 3009 atque
646 2945 887 3008 Hermannum,
912 2943 942 2996 in
960 2943 1057 3010 illum,
1088 2943 1161 3011 quod
1179 2946 1265 3010 janua

334 3020 434 3080 aperta
451 3029 469 3065 o
492 3027 524 3064 us
541 3011 633 3064 luisse
650 3021 764 3078 censat,
789 3011 887 3065 nescio
906 3028 971 3078 cur,
991 3030 1075 3080 quum
1092 3030 1147 3066 non
1165 3018 1265 3076 sumat,

335 3097 390 3150 per
407 3095 457 3134 ean
478 3097 521 3134 em
531 3080 633 3134 Furias
652 3079 781 3150 conspici
799 3098 815 3134 a
833 3083 1054 3151 spectatoribus,
1073 3083 1131 3136 uisi
1146 3083 1182 3134 ob
1201 3097 1264 3134 ser·

337 3149 430 3204 monis
457 3149 667 3214 commercium,
704 3150 733 3203 in
761 3151 834 3203 bunc
853 3165 914 3203 cum
932 3151 1047 3204 eandem
1065 3153 1103 3204 ob
1128 3166 1266 3214 caussam,

338 3228 395 3273 tum
414 3230 552 3287 quatenus
570 3219 822 3290 Clytaemnestram
839 3220 868 3272 iu
894 3221 1044 3289 proscenio
1061 3220 1096 3273 ad
1115 3219 1204 3289 ipsam
1220 3223 1267 3286 ja·

337 3301 419 3341 nuam
437 3287 596 3341 subsistere
614 3303 730 3342 necesse
748 3288 837 3342 inisse
856 3297 951 3359 putat,
978 3290 1024 3343 cui
1043 3289 1199 3360 posteriori
1218 3305 1268 3341 ne·

338 3357 442 3422 quaid
460 3357 550 3420 iavet,
573 3357 646 3424 quod
667 3357 799 3427 superius
818 3358 854 3410 de
872 3357 996 3413 statione
1013 3367 1188 3428 spectrcrum
1206 3374 1267 3410 mo·
1299 3364 1306 3373 ’

337 3425 429 3480 nitum
446 3437 499 3480 est.
532 3425 673 3493 Reliquos
694 3428 771 3482 viros
788 3428 903 3493 doctos,
922 3427 970 3496 qui
989 3427 1110 3482 ulterius
1127 3442 1266 3498 progres-

338 3493 364 3546 si
383 3500 462 3558 suut,
486 3503 589 3552 utnon
607 3497 776 3564 dijudicem,
803 3495 930 3562 numid,
957 3499 1032 3565 quod
1051 3499 1162 3565 volunt,
1189 3512 1267 3550 com·

339 3565 421 3618 mode
437 3563 502 3618 fieri
520 3567 664 3632 potuerit,
692 3582 727 3621 an
744 3565 850 3631 miuus,
879 3576 970 3620 tamen
1008 3576 1133 3620 raeterea
1151 3567 1268 3632 quaesi-

340 3633 446 3697 verim,
473 3651 537 3688 num
556 3635 698 3689 credibile
716 3633 769 3702 sit,
794 3634 969 3706 Aeschylum
986 3584 1105 3702 Xurias,
1131 3637 1195 3689 dum
1213 3651 1267 3705 per

339 3715 463 3756 somnum
481 3704 616 3773 ῥέγκουσιν
633 3701 666 3758 on’
681 3701 820 3758 πλασταῖσι
838 3701 1013 3773 φυσισίμσσισ,
1043 3715 1074 3759 ut
1090 3703 1201 3774 Pythia
1218 3703 1265 3755 di-

339 3770 381 3825 cit
398 3771 451 3828 Vs.
468 3776 518 3838 53,
555 3773 649 3827 oculis
672 3775 813 3828 exhibere
836 3783 885 3828 aut
909 3774 1038 3844 potuisse
1057 3786 1105 3828 aut
1128 3772 1266 3838 voluisse,

342 3855 440 3907 quem,
484 3857 555 3909 quae
586 3839 638 3896 aaa
669 3837 766 3912 σκησῆσ
794 3843 984 3911 ‘relinquenda
1015 3853 1125 3908 essent,
1161 3841 1267 3912 optIme

339 3910 477 3965 calluisse
493 3915 548 3979 J'am
568 3924 678 3967 veteres
697 3911 923 3976 observaverint,
951 3914 1006 3968 vid.
1025 3913 1227 3980 Boettiger.
1247 3913 1268 3966 l.

340 3995 365 4031 c.
385 3997 412 4049 p.
435 3984 462 4035 11
482 3981 573 4034 adnot.
593 3992 622 4036 et
641 3998 722 4050 quem
741 3981 840 4036 citavit
859 3981 1032 4041 Pbilostrat.
1050 3982 1113 4038 Vit.
1129 3982 1268 4052 lipollott.¹

243 4113 244 4118 ἵ
340 4048 429 4125 Tyra·
451 4049 502 4118 VI,
522 4055 564 4121 ll,
583 4069 610 4124 p.
628 4054 679 4130 itt
699 4065 727 4109 et
746 4051 808 4111 Vit.
827 4049 955 4124 Sophist.
975 4052 1000 4118 1,
1019 4055 1045 4122 9,
1064 4068 1090 4121 ρ.
1109 4054 1168 4112 tta.
