2728 4690
161 382 331 512 ι912

256 554 416 646 glauben,
445 551 519 616 dass
540 572 605 615 nur
625 551 735 639 einige
755 531 915 614 Stimmen
922 595 936 629 ,1
964 546 1019 612 die
1039 547 1302 614 Priesterinnen

256 638 430 706 vielleicht
449 635 519 698 und
541 635 710 718 ιἐροποιοί,
742 634 796 698 die
818 633 1020 698 Eumeniden
1041 634 1207 708 anreden3
1242 633 1302 696 die

255 725 375 802 iibrige
396 719 522 784 Schaar
541 721 621 784 aber
643 718 753 781 diesen
767 719 897 806 Gesang
918 718 1023 780 durch
1044 717 1100 780 die
1120 716 1300 782 Endverse

255 805 467 870 unterbricht
500 803 569 865 und
605 803 827 869 beschliesst.«
884 801 1008 864 Contra
1042 801 1230 884 equidem,
1258 811 1300 864 ut

256 900 404 967 taceam,
435 881 611 971 ἱεροποιούς
638 889 674 948 in
696 886 757 948 hac
779 885 913 970 quidem
934 905 1047 947 caussa
1069 887 1187 949 nullos
1204 887 1296 948 alios

256 971 491 1060 intelligendos
525 991 612 1049 esse,
651 972 717 1032 nisi
750 969 894 1047 eosdem,
929 969 998 1052 qui'
1015 978 1109 1032 antea
1138 970 1297 1052 judicum

254 1076 392 1120 munere
412 1057 536 1134 functi,
572 1057 634 1135 jam
661 1053 857 1115 Eumenidas
892 1073 911 1116 e
944 1053 1076 1115 theatro
1109 1052 1294 1131 deducunt,

255 1144 317 1203 cir.
339 1140 451 1206 adnot.
473 1137 516 1201 ad
538 1137 596 1204 Vs.
619 1142 697 1216 960,
728 1158 794 1199 non
816 1157 964 1220 possum,
999 1139 1083 1220 quin
1102 1157 1141 1200 ea
1163 1139 1201 1206 in
1215 1159 1295 1200 me-

255 1224 397 1286 moriam
413 1243 576 1302 revocem,
599 1243 681 1306 quae
698 1223 848 1306 superius
865 1242 897 1304 p.
912 1225 972 1287 201
989 1241 1036 1304 sq.
1056 1219 1098 1283 de
1118 1241 1237 1284 caussa
1258 1229 1295 1284 et

254 1309 338 1385 fine,
370 1327 435 1391 quo
456 1307 612 1370 Minerva
641 1307 734 1388 prius
756 1325 853 1388 quarn
874 1305 1093 1391 Areopagitae
1115 1314 1149 1368 et
1168 1305 1294 1368 Eume-

255 1390 350 1454 nides
383 1389 537 1468 decedat,
572 1389 676 1473 deque
703 1392 833 1452 ratione
861 1408 999 1473 pompae
1021 1389 1198 1452 universae
1222 1390 1293 1452 dis-

141 1521 144 1528 .
253 1476 452 1558 putavimus.
503 1474 629 1555 Quibus
657 1482 810 1535 accurate
836 1475 1008 1556 pensitatis
1029 1475 1059 1534 si
1081 1474 1152 1554 quis
1176 1483 1292 1536 tamen

253 1561 367 1622 nescio
391 1577 489 1642 quam
510 1558 551 1620 ob
574 1576 719 1620 caussam
740 1595 783 1610 -
802 1577 941 1640 namque
963 1577 1005 1619 ne
1032 1559 1155 1617 facium
1177 1568 1291 1644 gesta-

253 1651 344 1706 tores
376 1639 607 1706 desiderentur
632 1644 669 1702 in
689 1661 785 1704 scena
815 1649 1000 1724 praesentes
1022 1643 1133 1701 statim
1157 1643 1291 1704 cavebi-

253 1747 327 1790 mus
348 1760 390 1774 -
411 1727 542 1808 aliquot
559 1735 736 1807 personas,
757 1725 777 1787 'e
797 1726 914 1807 quibus
936 1743 1056 1807 pompa
1077 1725 1142 1786 ista
1165 1727 1290 1787 eonsti-

253 1812 335 1874 terit
355 1819 486 1894 praeter
507 1811 743 1910 Areopagitas,
772 1820 869 1871 antea
896 1812 996 1870 etiam
1018 1811 1054 1868 in
1076 1803 1175 1870 scena
1194 1829 1288 1870 com-

252 1896 401 1978 paruisse
422 1902 568 1956 statuere
587 1893 687 1971 velrt,
713 1913 775 1956 uae
801 1894 829 1956 is
859 1894 970 1955 nescio
999 1911 1041 1952 an
1071 1895 1199 1980 frustra
1226 1893 1288 1954 ha-

252 1979 374 2040 riolari
395 1975 559 2060 putandus
581 1979 635 2038 sit.
680 1977 803 2058 Quare,
826 1985 862 2038 ut
884 1974 926 2038 ad
947 1973 1011 2037 hoo
1032 1972 1179 2054 redeam,
1202 1976 1289 2038 illud

252 2061 438 2122 Hermanni
471 2061 634 2142 placitum
662 2059 702 2122 de
735 2070 891 2142 quattuor
927 2061 1103 2142 postremis
1132 2063 1288 2144 stropha-

253 2163 329 2206 rum
355 2153 453 2225 atque
480 2143 763 2224 antistropharum
792 2145 940 2207 versibus
963 2163 1003 2205 eo
1031 2151 1163 2204 tantum
1190 2156 1286 2226 pacto

251 2246 368 2292 verum
403 2245 472 2290 esse
507 2235 633 2308 potest,
665 2236 703 2289 ut
730 2226 946 2315 Areopagitas
983 2229 1072 2309 ipsos
1108 2228 1284 2311 bipartitos

252 2311 354 2374 fuisse
375 2318 555 2372 statuamus
576 2313 664 2378 iuter
685 2312 867 2374 canendum
888 2318 921 2373 et
942 2308 1185 2378 deducendum.
1211 2353 1251 2364 -

337 2394 410 2458 Hac
427 2396 618 2477 quaestione
640 2398 815 2482 profligata
829 2415 888 2480 age
910 2397 1009 2455 etiam
1031 2413 1101 2455 eam
1124 2405 1288 2460 retracte-

251 2499 343 2559 mus,
366 2499 464 2564 quam
485 2498 585 2559 supra
606 2500 638 2560 p.
662 2482 722 2545 183
744 2501 791 2563 sq.
814 2481 945 2540 institui
966 2487 1116 2559 coeptam
1140 2479 1184 2543 de
1210 2486 1286 2544 faci-

252 2564 312 2626 bus
334 2565 370 2624 in
391 2572 557 2646 postrema
577 2562 707 2626 fabulae
729 2573 824 2646 parte
836 2564 1100 2625 commemoratis
1122 2564 1288 2644 injudica-

251 2656 320 2710 tam
347 2647 553 2728 reliquimus.
610 2647 651 2708 Et
677 2667 777 2708 unum
807 2645 938 2729 quidem
966 2667 1006 2708 ex
1034 2647 1098 2721 iis,
1132 2651 1289 2729 quesibi

252 2733 514 2814 composuimus,
545 2729 629 2791 locis
656 2731 734 2810 (Vs.
757 2732 840 2808 983)
869 2732 899 2791 e'
916 2748 1051 2808 numero
1073 2735 1288 2794 testimonio·

251 2834 326 2894 rum
357 2812 421 2874 huc
441 2815 633 2874 facientium
656 2824 689 2877 et
708 2817 802 2896 posse
824 2816 925 2876 eximi
951 2823 985 2875 et
1005 2812 1115 2876 videri
1138 2819 1289 2879 eximen-

252 2895 331 2958 dum
354 2915 445 2972 esse,
471 2897 536 2974 jam
565 2897 638 2958 illie
661 2907 694 2960 et
715 2897 854 2961 subinde
874 2899 909 2958 in
931 2899 991 2976 iis,
1020 2916 1105 2978 quae
1125 2909 1209 2980 post
1231 2903 1289 2962 illa

252 2977 508 3063 disputavimus,
545 2989 594 3042 est
621 2984 852 3068 significatum.
907 2981 971 3062 Qui
1010 2982 1116 3066 igitur
1154 2995 1289 3066 praeter

250 3065 376 3148 primos
400 3061 499 3142 duos,
537 3067 695 3145 equibus
717 3067 797 3128 solis
826 3067 915 3126 nulla
939 3068 1074 3126 omnino
1107 3067 1187 3129 fieri
1213 3089 1290 3133 con-

252 3148 359 3209 clusio
380 3155 506 3228 potest,
536 3166 619 3209 unus
641 3158 763 3226 restat,
794 3148 1008 3212 deductorum
1031 3169 1049 3210 e
1073 3154 1212 3215 cantico
1237 3154 1289 3215 dc-

252 3251 322 3293 sum
347 3240 416 3307 tus,
448 3229 487 3292 de
509 3250 549 3292 eo
569 3232 623 3294 vel
644 3232 846 3296 emendando
867 3236 920 3296 vel
942 3233 1166 3297 construendo
1191 3237 1290 3320 quid·

252 3315 310 3396 qui
361 3315 535 3392 statuitur,
573 3322 681 3377 tamen
711 3319 831 3378 facium
859 3319 935 3378 talis
962 3320 1047 3376 facta
1070 3326 1119 3379 est
1142 3339 1291 3383 comme·
1328 3333 1329 3375 ἒ

251 3399 412 3476 morano,
440 3407 479 3459 ut
507 3418 560 3462 eas
586 3398 649 3476 jam
677 3403 711 3461 in
732 3420 828 3463 scena
850 3403 1071 3481 comparuisse
1099 3405 1205 3466 facile
1228 3407 1291 3466 tibi

251 3479 457 3562 persuadeas.
507 3482 579 3543 Jam
601 3502 683 3545 vero
710 3487 744 3544 in
768 3485 830 3546 hac
857 3505 921 3546 non
944 3482 1063 3544 adsunt
1088 3487 1157 3546 nisi
1181 3490 1290 3552 Areo·

251 3567 382 3650 pagitaa
421 3574 519 3648 atque
553 3565 769 3641 Eumenides;
814 3570 888 3629 illis
923 3571 1010 3628 faces
1045 3569 1153 3630 tribui
1192 3575 1293 3634 nullo
1327 3595 1328 3620 ³

251 3646 351 3710 modo
380 3657 532 3730 possuut3
566 3653 716 3732 sequitur
744 3671 824 3738 ergo
850 3661 887 3714 ut
908 3654 1008 3713 etiarn
1039 3651 1208 3717 hocloco
1234 3657 1294 3718 ha·
1327 3659 1328 3723 l

250 3751 325 3793 rum
348 3731 388 3793 dc
417 3733 541 3792 facibus
563 3733 773 3818 cogitandum
800 3738 860 3812 sit,
901 3753 983 3817 quas
1012 3737 1204 3800 certissime
1235 3739 1293 3803 de·

251 3817 426 3902 signantur
446 3814 487 3876 ab
516 3817 615 3878 initio
637 3819 768 3879 fabulae
796 3821 831 3878 in
853 3817 1074 3900 descriptione
1096 3819 1294 3902 Furiarum,

249 3919 347 3964 versu
366 3901 418 3964 55.
469 3899 576 3980 atque
603 3920 643 3960 cx
665 3902 812 3964 versibus
832 3906 894 3968 993
916 3912 949 3964 et
969 3905 1032 3966 994
1062 3904 1128 3980 jam
1151 3905 1294 3994 Bergle-

250 4002 309 4044 rus
341 3983 451 4046 adnot.
483 3981 525 4042 ad
553 3981 722 4066 Aristoph.
752 3983 838 4052 Plut.
872 3987 928 4050 Vs.
952 3987 1014 4050 425
1054 3988 1294 4052 testimonium
1326 3985 1327 4073 l

250 4067 381 4148 petebat
413 4065 455 4128 de
485 4065 612 4128 facibus
644 4067 838 4144 Furiarum
874 4057 931 4133 sed
965 4089 1065 4151 quum
1093 4073 1295 4138 universam
