<?xml version="1.0" encoding="UTF-8"?>
<!DOCTYPE html PUBLIC "-//W3C//DTD XHTML 1.0 Transitional//EN"
    "http://www.w3.org/TR/xhtml1/DTD/xhtml1-transitional.dtd">
<html xmlns="http://www.w3.org/1999/xhtml" xml:lang="en" lang="en">
 <head>
  <title>
</title>
<meta http-equiv="Content-Type" content="text/html;charset=utf-8" />
  <meta name='ocr-system' content='tesseract 3.04.00' />
  <meta name='ocr-capabilities' content='ocr_page ocr_carea ocr_par ocr_line ocrx_word'/>
</head>
<body>
  <div class='ocr_page' id='page_1' title='image "./conjectaneainae00wiesgoog_0106.png"; bbox 0 0 2794 4692; ppageno 0'>
   <div class='ocr_carea' id='block_1_1' title="bbox 1105 305 1224 441">
    <p class='ocr_par' dir='ltr' id='par_1_1' title="bbox 1105 305 1224 441">
     <span class='ocr_line' id='line_1_1' title="bbox 1105 305 1224 441; baseline 0 -123"><span class='ocrx_word' id='word_1_1' title='bbox 1105 365 1153 441; x_wconf 53' lang='lat' dir='ltr'>a</span> <span class='ocrx_word' id='word_1_2' title='bbox 1219 305 1224 318; x_wconf 89' lang='grc'>,</span> 
     </span>
    </p>
   </div>
   <div class='ocr_carea' id='block_1_2' title="bbox 123 529 1155 1136">
    <p class='ocr_par' dir='ltr' id='par_1_2' title="bbox 123 529 1155 1136">
     <span class='ocr_line' id='line_1_2' title="bbox 125 529 1150 632; baseline 0.001 -19"><span class='ocrx_word' id='word_1_3' title='bbox 125 533 273 632; x_wconf 84' lang='lat' dir='ltr'>quidem</span> <span class='ocrx_word' id='word_1_4' title='bbox 293 553 390 628; x_wconf 83' lang='lat' dir='ltr'>esse,</span> <span class='ocrx_word' id='word_1_5' title='bbox 415 533 479 608; x_wconf 89' lang='lat' dir='ltr'>sed</span> <span class='ocrx_word' id='word_1_6' title='bbox 494 529 833 611; x_wconf 76' lang='lat' dir='ltr'>brevitendicturas</span> <span class='ocrx_word' id='word_1_7' title='bbox 845 563 865 627; x_wconf 59' lang='lat'>‚²</span> <span class='ocrx_word' id='word_1_8' title='bbox 884 538 1052 620; x_wconf 81' lang='lat' dir='ltr'>Orestem</span> <span class='ocrx_word' id='word_1_9' title='bbox 1069 561 1150 614; x_wconf 72' lang='lat' dir='ltr'>ven</span> 
     </span>
     <span class='ocr_line' id='line_1_3' title="bbox 123 633 1152 731; baseline 0.006 -21"><span class='ocrx_word' id='word_1_10' title='bbox 123 635 171 710; x_wconf 88' lang='lat' dir='ltr'>bo</span> <span class='ocrx_word' id='word_1_11' title='bbox 187 635 352 712; x_wconf 83' lang='lat' dir='ltr'>vicissim</span> <span class='ocrx_word' id='word_1_12' title='bbox 374 633 531 710; x_wconf 85' lang='lat' dir='ltr'>verbum</span> <span class='ocrx_word' id='word_1_13' title='bbox 556 646 743 730; x_wconf 80' lang='lat' dir='ltr'>opponere¹</span> <span class='ocrx_word' id='word_1_14' title='bbox 758 635 867 731; x_wconf 84' lang='lat' dir='ltr'>jubet.</span> <span class='ocrx_word' id='word_1_15' title='bbox 920 639 1046 714; x_wconf 85' lang='lat' dir='ltr'>Primo</span> <span class='ocrx_word' id='word_1_16' title='bbox 1067 643 1152 716; x_wconf 85' lang='lat' dir='ltr'>ioco</span> 
     </span>
     <span class='ocr_line' id='line_1_4' title="bbox 124 733 1155 837; baseline 0.004 -25"><span class='ocrx_word' id='word_1_17' title='bbox 124 737 349 837; x_wconf 77' lang='lat' dir='ltr'>interroget,</span> <span class='ocrx_word' id='word_1_18' title='bbox 380 749 602 811; x_wconf 51' lang='lat' dir='ltr'>matremnef</span> <span class='ocrx_word' id='word_1_19' title='bbox 615 733 851 811; x_wconf 75' lang='lat' dir='ltr'><strong>interfecerit.</strong></span> <span class='ocrx_word' id='word_1_20' title='bbox 901 737 967 813; x_wconf 88' lang='lat' dir='ltr'>Ait</span> <span class='ocrx_word' id='word_1_21' title='bbox 993 739 1155 834; x_wconf 71' lang='lat' dir='ltr'>Orestes,</span> 
     </span>
     <span class='ocr_line' id='line_1_5' title="bbox 125 838 1150 934; baseline 0.005 -23"><span class='ocrx_word' id='word_1_22' title='bbox 125 844 250 934; x_wconf 85' lang='lat' dir='ltr'>(quem</span> <span class='ocrx_word' id='word_1_23' title='bbox 273 853 336 914; x_wconf 84' lang='lat' dir='ltr'>aut</span> <span class='ocrx_word' id='word_1_24' title='bbox 356 838 475 934; x_wconf 80' lang='lat' dir='ltr'>paullo</span> <span class='ocrx_word' id='word_1_25' title='bbox 491 849 574 910; x_wconf 91' lang='lat' dir='ltr'>ante</span> <span class='ocrx_word' id='word_1_26' title='bbox 595 849 775 911; x_wconf 83' lang='lat' dir='ltr'>autnunc</span> <span class='ocrx_word' id='word_1_27' title='bbox 797 839 927 922; x_wconf 84' lang='lat' dir='ltr'>saitem</span> <span class='ocrx_word' id='word_1_28' title='bbox 948 841 1150 916; x_wconf 74' lang='lat' dir='ltr'>surrexisse</span> 
     </span>
     <span class='ocr_line' id='line_1_6' title="bbox 124 934 1149 1037; baseline 0.004 -25"><span class='ocrx_word' id='word_1_29' title='bbox 124 937 339 1013; x_wconf 88' lang='lat' dir='ltr'>sumendum</span> <span class='ocrx_word' id='word_1_30' title='bbox 372 942 452 1030; x_wconf 89' lang='lat' dir='ltr'>est).</span> <span class='ocrx_word' id='word_1_31' title='bbox 518 934 595 1027; x_wconf 82' lang='lat' dir='ltr'>Qua</span> <span class='ocrx_word' id='word_1_32' title='bbox 629 936 853 1012; x_wconf 83' lang='lat' dir='ltr'>confessione</span> <span class='ocrx_word' id='word_1_33' title='bbox 884 938 1004 1015; x_wconf 83' lang='lat' dir='ltr'>audita</span> <span class='ocrx_word' id='word_1_34' title='bbox 1035 967 1149 1037; x_wconf 88' lang='lat' dir='ltr'>quum</span> 
     </span>
     <span class='ocr_line' id='line_1_7' title="bbox 124 1034 1148 1136; baseline 0.004 -22"><span class='ocrx_word' id='word_1_35' title='bbox 124 1039 256 1116; x_wconf 75' lang='lat' dir='ltr'>Furiae</span> <span class='ocrx_word' id='word_1_36' title='bbox 281 1042 478 1130; x_wconf 83' lang='lat' dir='ltr'>exsultent,</span> <span class='ocrx_word' id='word_1_37' title='bbox 513 1034 586 1111; x_wconf 86' lang='lat' dir='ltr'>sihi</span> <span class='ocrx_word' id='word_1_38' title='bbox 609 1036 712 1136; x_wconf 87' lang='lat' dir='ltr'>quasi</span> <span class='ocrx_word' id='word_1_39' title='bbox 735 1039 968 1115; x_wconf 85' lang='lat' dir='ltr'>luctationem</span> <span class='ocrx_word' id='word_1_40' title='bbox 993 1065 1016 1115; x_wconf 93' lang='lat' dir='ltr'>e</span> <span class='ocrx_word' id='word_1_41' title='bbox 1040 1044 1148 1119; x_wconf 82' lang='lat' dir='ltr'>tentia</span> 
     </span>
    </p>
   </div>
   <div class='ocr_carea' id='block_1_3' title="bbox 148 1267 1187 4162">
    <p class='ocr_par' dir='ltr' id='par_1_3' title="bbox 148 1267 1187 4162">
     <span class='ocr_line' id='line_1_8' title="bbox 226 1267 1147 1337; baseline 0.004 -15"><span class='ocrx_word' id='word_1_42' title='bbox 226 1267 277 1335; x_wconf 85' lang='lat' dir='ltr'>id,</span> <span class='ocrx_word' id='word_1_43' title='bbox 314 1267 390 1334; x_wconf 80' lang='lat' dir='ltr'>quod</span> <span class='ocrx_word' id='word_1_44' title='bbox 413 1267 519 1325; x_wconf 77' lang='lat' dir='ltr'>Furiae</span> <span class='ocrx_word' id='word_1_45' title='bbox 540 1269 672 1327; x_wconf 77' lang='lat' dir='ltr'>breviter</span> <span class='ocrx_word' id='word_1_46' title='bbox 690 1268 811 1336; x_wconf 86' lang='lat' dir='ltr'>dieunt,</span> <span class='ocrx_word' id='word_1_47' title='bbox 846 1275 901 1324; x_wconf 89' lang='lat' dir='ltr'>tam</span> <span class='ocrx_word' id='word_1_48' title='bbox 919 1269 1013 1324; x_wconf 88' lang='lat' dir='ltr'>iocum</span> <span class='ocrx_word' id='word_1_49' title='bbox 1029 1270 1147 1337; x_wconf 86' lang='lat' dir='ltr'>habere,</span> 
     </span>
     <span class='ocr_line' id='line_1_9' title="bbox 225 1335 1149 1417; baseline 0.004 -25"><span class='ocrx_word' id='word_1_50' title='bbox 225 1335 250 1392; x_wconf 84' lang='lat' dir='ltr'>si</span> <span class='ocrx_word' id='word_1_51' title='bbox 273 1338 534 1417; x_wconf 75' lang='lat' dir='ltr'>multaequidesn,</span> <span class='ocrx_word' id='word_1_52' title='bbox 568 1341 621 1398; x_wconf 82' lang='lat' dir='ltr'>aed</span> <span class='ocrx_word' id='word_1_53' title='bbox 647 1339 779 1407; x_wconf 75' lang='lat' dir='ltr'>singulae</span> <span class='ocrx_word' id='word_1_54' title='bbox 804 1337 1003 1408; x_wconf 70' lang='lat' dir='ltr'>paucissimis,</span> <span class='ocrx_word' id='word_1_55' title='bbox 1038 1341 1149 1406; x_wconf 84' lang='lat' dir='ltr'>dicunt,</span> 
     </span>
     <span class='ocr_line' id='line_1_10' title="bbox 226 1404 1147 1478; baseline 0.005 -20"><span class='ocrx_word' id='word_1_56' title='bbox 226 1421 307 1474; x_wconf 86' lang='lat' dir='ltr'>quam</span> <span class='ocrx_word' id='word_1_57' title='bbox 327 1421 352 1459; x_wconf 82' lang='lat' dir='ltr'>st</span> <span class='ocrx_word' id='word_1_58' title='bbox 371 1421 478 1476; x_wconf 81' lang='lat' dir='ltr'>paucae</span> <span class='ocrx_word' id='word_1_59' title='bbox 504 1409 571 1478; x_wconf 86' lang='lat' dir='ltr'>vei,</span> <span class='ocrx_word' id='word_1_60' title='bbox 606 1409 683 1477; x_wconf 81' lang='lat' dir='ltr'>quod</span> <span class='ocrx_word' id='word_1_61' title='bbox 701 1405 784 1460; x_wconf 87' lang='lat' dir='ltr'>etiam</span> <span class='ocrx_word' id='word_1_62' title='bbox 802 1404 916 1476; x_wconf 88' lang='lat' dir='ltr'>aptius,</span> <span class='ocrx_word' id='word_1_63' title='bbox 953 1424 1005 1461; x_wconf 87' lang='lat' dir='ltr'>una</span> <span class='ocrx_word' id='word_1_64' title='bbox 1024 1419 1147 1474; x_wconf 68' lang='lat' dir='ltr'>tautum</span> 
     </span>
     <span class='ocr_line' id='line_1_11' title="bbox 226 1474 1149 1543; baseline 0.007 -17"><span class='ocrx_word' id='word_1_65' title='bbox 226 1490 298 1543; x_wconf 86' lang='lat' dir='ltr'>quae</span> <span class='ocrx_word' id='word_1_66' title='bbox 316 1482 412 1528; x_wconf 89' lang='lat' dir='ltr'>nostra</span> <span class='ocrx_word' id='word_1_67' title='bbox 429 1477 570 1532; x_wconf 83' lang='lat' dir='ltr'>sententis</span> <span class='ocrx_word' id='word_1_68' title='bbox 587 1489 639 1532; x_wconf 89' lang='lat' dir='ltr'>est.</span> <span class='ocrx_word' id='word_1_69' title='bbox 674 1475 778 1530; x_wconf 84' lang='lat' dir='ltr'>Notum</span> <span class='ocrx_word' id='word_1_70' title='bbox 796 1485 855 1537; x_wconf 88' lang='lat' dir='ltr'>est,</span> <span class='ocrx_word' id='word_1_71' title='bbox 873 1475 903 1528; x_wconf 90' lang='lat' dir='ltr'>iu</span> <span class='ocrx_word' id='word_1_72' title='bbox 917 1474 1039 1542; x_wconf 82' lang='lat' dir='ltr'>judiciis</span> <span class='ocrx_word' id='word_1_73' title='bbox 1056 1479 1149 1532; x_wconf 71' lang='lat' dir='ltr'>Athe-</span> 
     </span>
     <span class='ocr_line' id='line_1_12' title="bbox 226 1541 1149 1617; baseline 0.004 -21"><span class='ocrx_word' id='word_1_74' title='bbox 226 1543 368 1598; x_wconf 81' lang='lat' dir='ltr'>niensium</span> <span class='ocrx_word' id='word_1_75' title='bbox 386 1544 591 1614; x_wconf 88' lang='lat' dir='ltr'>popularibus,</span> <span class='ocrx_word' id='word_1_76' title='bbox 613 1545 641 1600; x_wconf 84' lang='lat' dir='ltr'>ai</span> <span class='ocrx_word' id='word_1_77' title='bbox 658 1558 757 1598; x_wconf 80' lang='lat' dir='ltr'>caussa</span> <span class='ocrx_word' id='word_1_78' title='bbox 773 1541 889 1613; x_wconf 86' lang='lat' dir='ltr'>publica</span> <span class='ocrx_word' id='word_1_79' title='bbox 907 1554 983 1599; x_wconf 86' lang='lat' dir='ltr'>esset</span> <span class='ocrx_word' id='word_1_80' title='bbox 1000 1554 1030 1600; x_wconf 92' lang='lat' dir='ltr'>et</span> <span class='ocrx_word' id='word_1_81' title='bbox 1047 1547 1149 1617; x_wconf 89' lang='lat' dir='ltr'>plures</span> 
     </span>
     <span class='ocr_line' id='line_1_13' title="bbox 228 1610 1148 1682; baseline 0.007 -18"><span class='ocrx_word' id='word_1_82' title='bbox 228 1621 361 1682; x_wconf 78' lang='lat' dir='ltr'>actores,</span> <span class='ocrx_word' id='word_1_83' title='bbox 393 1627 443 1664; x_wconf 88' lang='lat' dir='ltr'>usu</span> <span class='ocrx_word' id='word_1_84' title='bbox 461 1613 594 1677; x_wconf 84' lang='lat' dir='ltr'>venisse,</span> <span class='ocrx_word' id='word_1_85' title='bbox 630 1623 660 1668; x_wconf 90' lang='lat' dir='ltr'>ut</span> <span class='ocrx_word' id='word_1_86' title='bbox 679 1615 724 1679; x_wconf 90' lang='lat' dir='ltr'>is,</span> <span class='ocrx_word' id='word_1_87' title='bbox 752 1610 800 1678; x_wconf 84' lang='lat' dir='ltr'>qui</span> <span class='ocrx_word' id='word_1_88' title='bbox 818 1622 884 1665; x_wconf 90' lang='lat' dir='ltr'>natu</span> <span class='ocrx_word' id='word_1_89' title='bbox 902 1612 1040 1669; x_wconf 81' lang='lat' dir='ltr'>maximus</span> <span class='ocrx_word' id='word_1_90' title='bbox 1059 1625 1148 1679; x_wconf 84' lang='lat' dir='ltr'>esset,</span> 
     </span>
     <span class='ocr_line' id='line_1_14' title="bbox 228 1678 1187 1752; baseline 0.005 -21"><span class='ocrx_word' id='word_1_91' title='bbox 228 1678 358 1750; x_wconf 85' lang='lat' dir='ltr'>primus,</span> <span class='ocrx_word' id='word_1_92' title='bbox 391 1679 500 1748; x_wconf 83' lang='lat' dir='ltr'>reliqui</span> <span class='ocrx_word' id='word_1_93' title='bbox 519 1679 673 1752; x_wconf 84' lang='lat' dir='ltr'>deinceps,</span> <span class='ocrx_word' id='word_1_94' title='bbox 708 1695 834 1734; x_wconf 75' lang='lat' dir='ltr'>caussam</span> <span class='ocrx_word' id='word_1_95' title='bbox 852 1693 975 1736; x_wconf 85' lang='lat' dir='ltr'>orarent.</span> <span class='ocrx_word' id='word_1_96' title='bbox 1025 1682 1060 1737; x_wconf 89' lang='lat' dir='ltr'>id</span> <span class='ocrx_word' id='word_1_97' title='bbox 1083 1698 1149 1737; x_wconf 89' lang='lat' dir='ltr'>num</span> <span class='ocrx_word' id='word_1_98' title='bbox 1185 1737 1187 1748; x_wconf 66' lang='grc'>,</span> 
     </span>
     <span class='ocr_line' id='line_1_15' title="bbox 228 1747 1150 1820; baseline 0.005 -19"><span class='ocrx_word' id='word_1_99' title='bbox 228 1747 313 1801; x_wconf 86' lang='lat' dir='ltr'>etiam</span> <span class='ocrx_word' id='word_1_100' title='bbox 332 1749 367 1801; x_wconf 90' lang='lat' dir='ltr'>de</span> <span class='ocrx_word' id='word_1_101' title='bbox 384 1748 537 1820; x_wconf 80' lang='lat' dir='ltr'>Areopago</span> <span class='ocrx_word' id='word_1_102' title='bbox 554 1750 664 1816; x_wconf 81' lang='lat' dir='ltr'>taient,</span> <span class='ocrx_word' id='word_1_103' title='bbox 700 1766 754 1804; x_wconf 89' lang='lat' dir='ltr'>nec</span> <span class='ocrx_word' id='word_1_104' title='bbox 770 1766 827 1815; x_wconf 88' lang='lat' dir='ltr'>ne,</span> <span class='ocrx_word' id='word_1_105' title='bbox 860 1749 966 1804; x_wconf 87' lang='lat' dir='ltr'>nescio.</span> <span class='ocrx_word' id='word_1_106' title='bbox 1017 1752 1150 1806; x_wconf 77' lang='lat' dir='ltr'>Attamen</span> 
     </span>
     <span class='ocr_line' id='line_1_16' title="bbox 202 1817 1149 1890; baseline 0.004 -20"><span class='ocrx_word' id='word_1_107' title='bbox 202 1817 207 1824; x_wconf 85' lang='lat'>&#39;</span> <span class='ocrx_word' id='word_1_108' title='bbox 228 1828 306 1870; x_wconf 89' lang='lat' dir='ltr'>certe</span> <span class='ocrx_word' id='word_1_109' title='bbox 325 1817 441 1870; x_wconf 88' lang='lat' dir='ltr'>dubium</span> <span class='ocrx_word' id='word_1_110' title='bbox 460 1827 522 1887; x_wconf 83' lang='lat' dir='ltr'>est,</span> <span class='ocrx_word' id='word_1_111' title='bbox 556 1819 711 1873; x_wconf 86' lang='lat' dir='ltr'>niniumne</span> <span class='ocrx_word' id='word_1_112' title='bbox 737 1818 891 1887; x_wconf 82' lang='lat' dir='ltr'>sumpserit</span> <span class='ocrx_word' id='word_1_113' title='bbox 908 1817 1149 1890; x_wconf 84' lang='lat' dir='ltr'>Boettigerus</span> 
     </span>
     <span class='ocr_line' id='line_1_17' title="bbox 227 1885 1149 1958; baseline 0.008 -20"><span class='ocrx_word' id='word_1_114' title='bbox 227 1885 292 1938; x_wconf 86' lang='lat' dir='ltr'>loco</span> <span class='ocrx_word' id='word_1_115' title='bbox 310 1886 397 1940; x_wconf 90' lang='lat' dir='ltr'>citato</span> <span class='ocrx_word' id='word_1_116' title='bbox 414 1901 500 1958; x_wconf 87' lang='lat' dir='ltr'>supra</span> <span class='ocrx_word' id='word_1_117' title='bbox 518 1887 665 1958; x_wconf 88' lang='lat' dir='ltr'>exscripto</span> <span class='ocrx_word' id='word_1_118' title='bbox 683 1888 873 1952; x_wconf 87' lang='lat' dir='ltr'>contendens,</span> <span class='ocrx_word' id='word_1_119' title='bbox 898 1903 963 1940; x_wconf 86' lang='lat' dir='ltr'>non</span> <span class='ocrx_word' id='word_1_120' title='bbox 981 1887 1149 1958; x_wconf 86' lang='lat' dir='ltr'>potuisse</span> 
     </span>
     <span class='ocr_line' id='line_1_18' title="bbox 224 1952 1147 2026; baseline 0.005 -20"><span class='ocrx_word' id='word_1_121' title='bbox 224 1952 282 2006; x_wconf 89' lang='lat' dir='ltr'>nisi</span> <span class='ocrx_word' id='word_1_122' title='bbox 301 1970 380 2010; x_wconf 87' lang='lat' dir='ltr'>unam</span> <span class='ocrx_word' id='word_1_123' title='bbox 398 1954 513 2010; x_wconf 81' lang='lat' dir='ltr'>Furiam</span> <span class='ocrx_word' id='word_1_124' title='bbox 531 1967 723 2012; x_wconf 75' lang='lat' dir='ltr'>accusatorem</span> <span class='ocrx_word' id='word_1_125' title='bbox 741 1969 826 2023; x_wconf 84' lang='lat' dir='ltr'>agere</span> <span class='ocrx_word' id='word_1_126' title='bbox 844 1954 874 2010; x_wconf 93' lang='lat' dir='ltr'>in</span> <span class='ocrx_word' id='word_1_127' title='bbox 890 1954 1052 2026; x_wconf 77' lang='lat' dir='ltr'>Areopago.</span> <span class='ocrx_word' id='word_1_128' title='bbox 1087 1958 1147 2014; x_wconf 90' lang='lat' dir='ltr'>Sed</span> 
     </span>
     <span class='ocr_line' id='line_1_19' title="bbox 224 2023 1146 2106; baseline 0.005 -31"><span class='ocrx_word' id='word_1_129' title='bbox 224 2023 288 2090; x_wconf 80' lang='lat' dir='ltr'>fao,</span> <span class='ocrx_word' id='word_1_130' title='bbox 319 2034 350 2077; x_wconf 90' lang='lat' dir='ltr'>ut</span> <span class='ocrx_word' id='word_1_131' title='bbox 366 2024 440 2090; x_wconf 92' lang='lat' dir='ltr'>apud</span> <span class='ocrx_word' id='word_1_132' title='bbox 457 2025 631 2106; x_wconf 66' lang='lat' dir='ltr'>Aeschylum</span> <span class='ocrx_word' id='word_1_133' title='bbox 648 2025 747 2097; x_wconf 86' lang='lat' dir='ltr'>piures</span> <span class='ocrx_word' id='word_1_134' title='bbox 766 2023 914 2091; x_wconf 82' lang='lat' dir='ltr'>dixerint,</span> <span class='ocrx_word' id='word_1_135' title='bbox 943 2039 1036 2080; x_wconf 91' lang='lat' dir='ltr'>nonne</span> <span class='ocrx_word' id='word_1_136' title='bbox 1054 2028 1146 2082; x_wconf 91' lang='lat' dir='ltr'>conti·</span> 
     </span>
     <span class='ocr_line' id='line_1_20' title="bbox 224 2093 1146 2160; baseline 0.005 -16"><span class='ocrx_word' id='word_1_137' title='bbox 224 2106 281 2144; x_wconf 88' lang='lat' dir='ltr'>nuo</span> <span class='ocrx_word' id='word_1_138' title='bbox 299 2093 508 2146; x_wconf 87' lang='lat' dir='ltr'>concedendum</span> <span class='ocrx_word' id='word_1_139' title='bbox 525 2103 599 2160; x_wconf 77' lang='lat' dir='ltr'>erit,</span> <span class='ocrx_word' id='word_1_140' title='bbox 623 2104 838 2151; x_wconf 82' lang='lat' dir='ltr'>cousentaneum</span> <span class='ocrx_word' id='word_1_141' title='bbox 856 2108 920 2146; x_wconf 88' lang='lat' dir='ltr'>esse</span> <span class='ocrx_word' id='word_1_142' title='bbox 938 2109 1033 2148; x_wconf 86' lang='lat' dir='ltr'>omnes</span> <span class='ocrx_word' id='word_1_143' title='bbox 1050 2095 1146 2149; x_wconf 88' lang='lat' dir='ltr'>dixis·</span> 
     </span>
     <span class='ocr_line' id='line_1_21' title="bbox 226 2160 1147 2230; baseline 0.003 -16"><span class='ocrx_word' id='word_1_144' title='bbox 226 2163 277 2216; x_wconf 79' lang='lat' dir='ltr'>sei</span> <span class='ocrx_word' id='word_1_145' title='bbox 312 2160 398 2228; x_wconf 76' lang='lat' dir='ltr'>Atqui</span> <span class='ocrx_word' id='word_1_146' title='bbox 416 2177 512 2217; x_wconf 88' lang='lat' dir='ltr'>omnes</span> <span class='ocrx_word' id='word_1_147' title='bbox 529 2161 661 2228; x_wconf 83' lang='lat' dir='ltr'>dixisse,</span> <span class='ocrx_word' id='word_1_148' title='bbox 685 2178 767 2230; x_wconf 86' lang='lat' dir='ltr'>quum</span> <span class='ocrx_word' id='word_1_149' title='bbox 786 2171 890 2216; x_wconf 89' lang='lat' dir='ltr'>tantum</span> <span class='ocrx_word' id='word_1_150' title='bbox 909 2179 961 2227; x_wconf 89' lang='lat' dir='ltr'>ea,</span> <span class='ocrx_word' id='word_1_151' title='bbox 989 2179 1062 2230; x_wconf 85' lang='lat' dir='ltr'>quae</span> <span class='ocrx_word' id='word_1_152' title='bbox 1080 2165 1147 2219; x_wconf 85' lang='lat' dir='ltr'>inda</span> 
     </span>
     <span class='ocr_line' id='line_1_22' title="bbox 224 2227 1148 2310; baseline 0.006 -28"><span class='ocrx_word' id='word_1_153' title='bbox 224 2227 309 2310; x_wconf 78' lang='lat' dir='ltr'><strong>⁸.v⁸·</strong></span> <span class='ocrx_word' id='word_1_154' title='bbox 326 2234 377 2284; x_wconf 77' lang='lat'>555</span> <span class='ocrx_word' id='word_1_155' title='bbox 405 2246 494 2297; x_wconf 85' lang='lat' dir='ltr'>usque</span> <span class='ocrx_word' id='word_1_156' title='bbox 519 2231 554 2286; x_wconf 84' lang='lat' dir='ltr'>ad</span> <span class='ocrx_word' id='word_1_157' title='bbox 573 2231 625 2289; x_wconf 89' lang='lat' dir='ltr'>Vs.</span> <span class='ocrx_word' id='word_1_158' title='bbox 642 2233 692 2288; x_wconf 74' lang='lat'>644</span> <span class='ocrx_word' id='word_1_159' title='bbox 719 2231 925 2303; x_wconf 85' lang='lat' dir='ltr'>proferuntur,</span> <span class='ocrx_word' id='word_1_160' title='bbox 961 2235 1148 2304; x_wconf 85' lang='lat' dir='ltr'>computanda</span> 
     </span>
     <span class='ocr_line' id='line_1_23' title="bbox 224 2298 1146 2370; baseline 0.005 -21"><span class='ocrx_word' id='word_1_161' title='bbox 224 2307 299 2363; x_wconf 77' lang='lat' dir='ltr'>sint,</span> <span class='ocrx_word' id='word_1_162' title='bbox 318 2313 373 2352; x_wconf 90' lang='lat' dir='ltr'>uon</span> <span class='ocrx_word' id='word_1_163' title='bbox 393 2301 480 2354; x_wconf 81' lang='lat' dir='ltr'>stetui</span> <span class='ocrx_word' id='word_1_164' title='bbox 500 2310 611 2370; x_wconf 88' lang='lat' dir='ltr'>potest,</span> <span class='ocrx_word' id='word_1_165' title='bbox 638 2299 694 2354; x_wconf 84' lang='lat' dir='ltr'>nisi</span> <span class='ocrx_word' id='word_1_166' title='bbox 712 2298 737 2354; x_wconf 90' lang='lat' dir='ltr'>si</span> <span class='ocrx_word' id='word_1_167' title='bbox 755 2301 862 2370; x_wconf 85' lang='lat' dir='ltr'>primos</span> <span class='ocrx_word' id='word_1_168' title='bbox 881 2308 940 2355; x_wconf 89' lang='lat' dir='ltr'>tres</span> <span class='ocrx_word' id='word_1_169' title='bbox 959 2317 1058 2356; x_wconf 78' lang='lat' dir='ltr'>versus</span> <span class='ocrx_word' id='word_1_170' title='bbox 1077 2319 1146 2355; x_wconf 90' lang='lat' dir='ltr'>con-</span> 
     </span>
     <span class='ocr_line' id='line_1_24' title="bbox 223 2366 1145 2439; baseline 0.007 -23"><span class='ocrx_word' id='word_1_171' title='bbox 223 2366 321 2421; x_wconf 88' lang='lat' dir='ltr'>tinuos</span> <span class='ocrx_word' id='word_1_172' title='bbox 338 2377 385 2420; x_wconf 88' lang='lat' dir='ltr'>aut</span> <span class='ocrx_word' id='word_1_173' title='bbox 403 2368 481 2422; x_wconf 91' lang='lat' dir='ltr'>inter</span> <span class='ocrx_word' id='word_1_174' title='bbox 497 2379 557 2423; x_wconf 87' lang='lat' dir='ltr'>tres</span> <span class='ocrx_word' id='word_1_175' title='bbox 574 2378 622 2424; x_wconf 90' lang='lat' dir='ltr'>aut</span> <span class='ocrx_word' id='word_1_176' title='bbox 640 2369 718 2422; x_wconf 86' lang='lat' dir='ltr'>inter</span> <span class='ocrx_word' id='word_1_177' title='bbox 734 2369 802 2421; x_wconf 87' lang='lat' dir='ltr'>dues</span> <span class='ocrx_word' id='word_1_178' title='bbox 821 2384 958 2439; x_wconf 83' lang='lat' dir='ltr'>personas</span> <span class='ocrx_word' id='word_1_179' title='bbox 976 2369 1099 2436; x_wconf 83' lang='lat' dir='ltr'>dividas,</span> <span class='ocrx_word' id='word_1_180' title='bbox 1113 2401 1145 2412; x_wconf 84' lang='lat'>—</span> 
     </span>
     <span class='ocr_line' id='line_1_25' title="bbox 223 2434 1146 2508; baseline 0.002 -20"><span class='ocrx_word' id='word_1_181' title='bbox 223 2445 254 2490; x_wconf 90' lang='lat' dir='ltr'>et</span> <span class='ocrx_word' id='word_1_182' title='bbox 269 2434 343 2489; x_wconf 89' lang='lat' dir='ltr'>iilud</span> <span class='ocrx_word' id='word_1_183' title='bbox 361 2438 475 2503; x_wconf 87' lang='lat' dir='ltr'>quidem</span> <span class='ocrx_word' id='word_1_184' title='bbox 492 2436 542 2505; x_wconf 85' lang='lat' dir='ltr'>its,</span> <span class='ocrx_word' id='word_1_185' title='bbox 559 2449 591 2495; x_wconf 91' lang='lat' dir='ltr'>ut</span> <span class='ocrx_word' id='word_1_186' title='bbox 606 2452 761 2492; x_wconf 82' lang='lat' dir='ltr'>sermonem</span> <span class='ocrx_word' id='word_1_187' title='bbox 781 2437 810 2490; x_wconf 90' lang='lat' dir='ltr'>in</span> <span class='ocrx_word' id='word_1_188' title='bbox 827 2438 884 2490; x_wconf 88' lang='lat' dir='ltr'>fine</span> <span class='ocrx_word' id='word_1_189' title='bbox 901 2439 935 2490; x_wconf 89' lang='lat' dir='ltr'>ad</span> <span class='ocrx_word' id='word_1_190' title='bbox 955 2440 1146 2508; x_wconf 83' lang='lat' dir='ltr'>coryphaeum</span> 
     </span>
     <span class='ocr_line' id='line_1_26' title="bbox 222 2503 1147 2587; baseline 0 -30"><span class='ocrx_word' id='word_1_191' title='bbox 222 2503 334 2558; x_wconf 84' lang='lat' dir='ltr'>redisse</span> <span class='ocrx_word' id='word_1_192' title='bbox 356 2521 465 2570; x_wconf 85' lang='lat' dir='ltr'>sumas,</span> <span class='ocrx_word' id='word_1_193' title='bbox 500 2522 572 2575; x_wconf 79' lang='lat' dir='ltr'>quae</span> <span class='ocrx_word' id='word_1_194' title='bbox 595 2515 684 2587; x_wconf 74' lang='lat' dir='ltr'>temen</span> <span class='ocrx_word' id='word_1_195' title='bbox 706 2505 798 2586; x_wconf 77' lang='lat' dir='ltr'>ratio,</span> <span class='ocrx_word' id='word_1_196' title='bbox 833 2521 915 2585; x_wconf 81' lang='lat' dir='ltr'>quum</span> <span class='ocrx_word' id='word_1_197' title='bbox 935 2503 965 2558; x_wconf 90' lang='lat' dir='ltr'>in</span> <span class='ocrx_word' id='word_1_198' title='bbox 984 2505 1147 2559; x_wconf 83' lang='lat' dir='ltr'>universum</span> 
     </span>
     <span class='ocr_line' id='line_1_27' title="bbox 223 2575 1149 2724; baseline 0.001 -28"><span class='ocrx_word' id='word_1_199' title='bbox 223 2575 1149 2724; x_wconf 46' lang='lat' dir='ltr'>destituisticitet{:÷‚¹¹:,1¹1:t÷¹t⁵.tst⁰f⁵ttt2</span> 
     </span>
     <span class='ocr_line' id='line_1_28' title="bbox 224 2711 1146 2782; baseline 0.003 -19"><span class='ocrx_word' id='word_1_200' title='bbox 224 2711 337 2782; x_wconf 85' lang='lat' dir='ltr'>placeat</span> <span class='ocrx_word' id='word_1_201' title='bbox 354 2713 410 2766; x_wconf 83' lang='lat' dir='ltr'>iila</span> <span class='ocrx_word' id='word_1_202' title='bbox 426 2713 549 2778; x_wconf 77' lang='lat' dir='ltr'>divisio,</span> <span class='ocrx_word' id='word_1_203' title='bbox 577 2713 625 2775; x_wconf 85' lang='lat' dir='ltr'>id,</span> <span class='ocrx_word' id='word_1_204' title='bbox 642 2712 717 2780; x_wconf 85' lang='lat' dir='ltr'>quod</span> <span class='ocrx_word' id='word_1_205' title='bbox 729 2711 836 2765; x_wconf 80' lang='lat' dir='ltr'>Furiae</span> <span class='ocrx_word' id='word_1_206' title='bbox 853 2729 907 2765; x_wconf 91' lang='lat' dir='ltr'>non</span> <span class='ocrx_word' id='word_1_207' title='bbox 926 2727 1021 2767; x_wconf 89' lang='lat' dir='ltr'>omnes</span> <span class='ocrx_word' id='word_1_208' title='bbox 1038 2712 1146 2776; x_wconf 89' lang='lat' dir='ltr'>dicunt,</span> 
     </span>
     <span class='ocr_line' id='line_1_29' title="bbox 222 2780 1146 2851; baseline 0 -17"><span class='ocrx_word' id='word_1_209' title='bbox 222 2780 368 2850; x_wconf 75' lang='lat' dir='ltr'>explicari</span> <span class='ocrx_word' id='word_1_210' title='bbox 387 2780 481 2851; x_wconf 85' lang='lat' dir='ltr'>possit</span> <span class='ocrx_word' id='word_1_211' title='bbox 498 2780 649 2846; x_wconf 87' lang='lat' dir='ltr'>sumendo,</span> <span class='ocrx_word' id='word_1_212' title='bbox 677 2790 726 2835; x_wconf 90' lang='lat' dir='ltr'>aut</span> <span class='ocrx_word' id='word_1_213' title='bbox 743 2795 809 2846; x_wconf 83' lang='lat' dir='ltr'>ess,</span> <span class='ocrx_word' id='word_1_214' title='bbox 833 2793 905 2846; x_wconf 83' lang='lat' dir='ltr'>quae</span> <span class='ocrx_word' id='word_1_215' title='bbox 924 2781 1043 2851; x_wconf 87' lang='lat' dir='ltr'>primum</span> <span class='ocrx_word' id='word_1_216' title='bbox 1060 2780 1146 2835; x_wconf 83' lang='lat' dir='ltr'>dixe-</span> 
     </span>
     <span class='ocr_line' id='line_1_30' title="bbox 223 2849 1146 2918; baseline -0.003 -14"><span class='ocrx_word' id='word_1_217' title='bbox 223 2849 302 2918; x_wconf 83' lang='lat' dir='ltr'>rint,</span> <span class='ocrx_word' id='word_1_218' title='bbox 320 2866 379 2903; x_wconf 88' lang='lat' dir='ltr'>rem</span> <span class='ocrx_word' id='word_1_219' title='bbox 396 2849 426 2904; x_wconf 90' lang='lat' dir='ltr'>in</span> <span class='ocrx_word' id='word_1_220' title='bbox 442 2861 547 2906; x_wconf 79' lang='lat' dir='ltr'>tuntum</span> <span class='ocrx_word' id='word_1_221' title='bbox 564 2850 738 2916; x_wconf 81' lang='lat' dir='ltr'>coniecisse,</span> <span class='ocrx_word' id='word_1_222' title='bbox 758 2859 788 2903; x_wconf 91' lang='lat' dir='ltr'>ut</span> <span class='ocrx_word' id='word_1_223' title='bbox 807 2849 929 2916; x_wconf 80' lang='lat' dir='ltr'>reliquis</span> <span class='ocrx_word' id='word_1_224' title='bbox 947 2850 1024 2905; x_wconf 87' lang='lat' dir='ltr'>nihil</span> <span class='ocrx_word' id='word_1_225' title='bbox 1041 2851 1146 2906; x_wconf 82' lang='lat' dir='ltr'>sdden·</span> 
     </span>
     <span class='ocr_line' id='line_1_31' title="bbox 224 2917 1146 2987; baseline 0.002 -15"><span class='ocrx_word' id='word_1_226' title='bbox 224 2917 289 2972; x_wconf 89' lang='lat' dir='ltr'>dum</span> <span class='ocrx_word' id='word_1_227' title='bbox 307 2919 468 2985; x_wconf 84' lang='lat' dir='ltr'>restiterit,</span> <span class='ocrx_word' id='word_1_228' title='bbox 503 2929 551 2976; x_wconf 82' lang='lat' dir='ltr'>eut</span> <span class='ocrx_word' id='word_1_229' title='bbox 569 2920 618 2972; x_wconf 87' lang='lat' dir='ltr'>has</span> <span class='ocrx_word' id='word_1_230' title='bbox 636 2936 690 2984; x_wconf 91' lang='lat' dir='ltr'>eo,</span> <span class='ocrx_word' id='word_1_231' title='bbox 724 2919 799 2985; x_wconf 88' lang='lat' dir='ltr'>quod</span> <span class='ocrx_word' id='word_1_232' title='bbox 816 2917 948 2973; x_wconf 83' lang='lat' dir='ltr'>Minerua</span> <span class='ocrx_word' id='word_1_233' title='bbox 966 2918 1017 2974; x_wconf 86' lang='lat' dir='ltr'>Vs.</span> <span class='ocrx_word' id='word_1_234' title='bbox 1034 2921 1086 2974; x_wconf 83' lang='lat' dir='ltr'>ott</span> <span class='ocrx_word' id='word_1_235' title='bbox 1103 2932 1146 2987; x_wconf 86' lang='lat' dir='ltr'>sq.</span> 
     </span>
     <span class='ocr_line' id='line_1_32' title="bbox 223 2985 1145 3057; baseline -0.001 -15"><span class='ocrx_word' id='word_1_236' title='bbox 223 2987 293 3042; x_wconf 81' lang='lat' dir='ltr'>estis</span> <span class='ocrx_word' id='word_1_237' title='bbox 312 2985 416 3042; x_wconf 87' lang='lat' dir='ltr'>dictum</span> <span class='ocrx_word' id='word_1_238' title='bbox 433 3003 498 3043; x_wconf 90' lang='lat' dir='ltr'>esse</span> <span class='ocrx_word' id='word_1_239' title='bbox 521 2988 659 3043; x_wconf 87' lang='lat' dir='ltr'>monendo</span> <span class='ocrx_word' id='word_1_240' title='bbox 676 2987 878 3056; x_wconf 86' lang='lat' dir='ltr'>disceptationi</span> <span class='ocrx_word' id='word_1_241' title='bbox 902 2988 986 3041; x_wconf 83' lang='lat' dir='ltr'>finem</span> <span class='ocrx_word' id='word_1_242' title='bbox 1009 2987 1145 3057; x_wconf 80' lang='lat' dir='ltr'>imponat,</span> 
     </span>
     <span class='ocr_line' id='line_1_33' title="bbox 222 3055 1145 3126; baseline -0.002 -16"><span class='ocrx_word' id='word_1_243' title='bbox 222 3055 345 3112; x_wconf 84' lang='lat' dir='ltr'>diceudo</span> <span class='ocrx_word' id='word_1_244' title='bbox 361 3057 524 3126; x_wconf 86' lang='lat' dir='ltr'>prohibitas</span> <span class='ocrx_word' id='word_1_245' title='bbox 541 3059 640 3112; x_wconf 81' lang='lat' dir='ltr'>tuisse.</span> <span class='ocrx_word' id='word_1_246' title='bbox 684 3058 857 3110; x_wconf 78' lang='lat' dir='ltr'>Alterutrum</span> <span class='ocrx_word' id='word_1_247' title='bbox 876 3056 1062 3123; x_wconf 82' lang='lat' dir='ltr'>sententium,</span> <span class='ocrx_word' id='word_1_248' title='bbox 1096 3055 1145 3123; x_wconf 85' lang='lat' dir='ltr'>qui</span> 
     </span>
     <span class='ocr_line' id='line_1_34' title="bbox 222 3123 1146 3195; baseline -0.002 -15"><span class='ocrx_word' id='word_1_249' title='bbox 222 3125 318 3192; x_wconf 79' lang='lat' dir='ltr'>volet,</span> <span class='ocrx_word' id='word_1_250' title='bbox 344 3127 532 3195; x_wconf 86' lang='lat' dir='ltr'>amplectatur</span> <span class='ocrx_word' id='word_1_251' title='bbox 569 3143 601 3180; x_wconf 87' lang='lat' dir='ltr'>er</span> <span class='ocrx_word' id='word_1_252' title='bbox 618 3141 662 3178; x_wconf 87' lang='lat' dir='ltr'>me</span> <span class='ocrx_word' id='word_1_253' title='bbox 680 3124 767 3192; x_wconf 88' lang='lat' dir='ltr'>licet,</span> <span class='ocrx_word' id='word_1_254' title='bbox 793 3127 875 3181; x_wconf 85' lang='lat' dir='ltr'>modo</span> <span class='ocrx_word' id='word_1_255' title='bbox 893 3137 929 3182; x_wconf 83' lang='lat' dir='ltr'>ne</span> <span class='ocrx_word' id='word_1_256' title='bbox 946 3125 1001 3179; x_wconf 87' lang='lat' dir='ltr'>hoc</span> <span class='ocrx_word' id='word_1_257' title='bbox 1018 3123 1111 3194; x_wconf 88' lang='lat' dir='ltr'>ipsum</span> <span class='ocrx_word' id='word_1_258' title='bbox 1129 3139 1146 3178; x_wconf 86' lang='lat' dir='ltr'>a</span> 
     </span>
     <span class='ocr_line' id='line_1_35' title="bbox 222 3143 1145 3265; baseline -0.002 -17"><span class='ocrx_word' id='word_1_259' title='bbox 222 3210 267 3250; x_wconf 88' lang='lat' dir='ltr'>rue</span> <span class='ocrx_word' id='word_1_260' title='bbox 284 3195 454 3264; x_wconf 81' lang='lat' dir='ltr'>postuletur.</span> <span class='ocrx_word' id='word_1_261' title='bbox 500 3143 566 3250; x_wconf 67' lang='lat' dir='ltr'>Sei</span> <span class='ocrx_word' id='word_1_262' title='bbox 576 3195 722 3262; x_wconf 87' lang='lat' dir='ltr'>equidem,</span> <span class='ocrx_word' id='word_1_263' title='bbox 750 3193 860 3248; x_wconf 75' lang='lat' dir='ltr'>etiarnsi</span> <span class='ocrx_word' id='word_1_264' title='bbox 879 3195 982 3265; x_wconf 79' lang='lat' dir='ltr'>plenus</span> <span class='ocrx_word' id='word_1_265' title='bbox 998 3205 1075 3248; x_wconf 87' lang='lat' dir='ltr'>esset</span> <span class='ocrx_word' id='word_1_266' title='bbox 1092 3210 1145 3247; x_wconf 90' lang='lat' dir='ltr'>nu·</span> 
     </span>
     <span class='ocr_line' id='line_1_36' title="bbox 221 3264 1143 3330; baseline -0.002 -12"><span class='ocrx_word' id='word_1_267' title='bbox 221 3279 316 3318; x_wconf 80' lang='lat' dir='ltr'>merus</span> <span class='ocrx_word' id='word_1_268' title='bbox 335 3279 510 3330; x_wconf 83' lang='lat' dir='ltr'>sermonum,</span> <span class='ocrx_word' id='word_1_269' title='bbox 544 3281 600 3318; x_wconf 90' lang='lat' dir='ltr'>non</span> <span class='ocrx_word' id='word_1_270' title='bbox 620 3275 709 3320; x_wconf 80' lang='lat' dir='ltr'>tamen</span> <span class='ocrx_word' id='word_1_271' title='bbox 727 3264 897 3329; x_wconf 80' lang='lat' dir='ltr'>induceres,</span> <span class='ocrx_word' id='word_1_272' title='bbox 931 3272 965 3318; x_wconf 91' lang='lat' dir='ltr'>ut</span> <span class='ocrx_word' id='word_1_273' title='bbox 981 3279 1031 3316; x_wconf 89' lang='lat' dir='ltr'>eos</span> <span class='ocrx_word' id='word_1_274' title='bbox 1048 3278 1065 3316; x_wconf 85' lang='lat' dir='ltr'>a</span> <span class='ocrx_word' id='word_1_275' title='bbox 1083 3264 1143 3316; x_wconf 88' lang='lat' dir='ltr'>siu·</span> 
     </span>
     <span class='ocr_line' id='line_1_37' title="bbox 222 3329 1145 3403; baseline -0.002 -17"><span class='ocrx_word' id='word_1_276' title='bbox 222 3331 299 3402; x_wconf 69' lang='lat' dir='ltr'>gulis</span> <span class='ocrx_word' id='word_1_277' title='bbox 317 3333 457 3402; x_wconf 86' lang='lat' dir='ltr'>deinceps</span> <span class='ocrx_word' id='word_1_278' title='bbox 470 3332 567 3388; x_wconf 84' lang='lat' dir='ltr'>Furiis</span> <span class='ocrx_word' id='word_1_279' title='bbox 585 3333 715 3403; x_wconf 80' lang='lat' dir='ltr'>prolatos</span> <span class='ocrx_word' id='word_1_280' title='bbox 732 3333 899 3398; x_wconf 81' lang='lat' dir='ltr'>crederem,</span> <span class='ocrx_word' id='word_1_281' title='bbox 928 3329 995 3399; x_wconf 87' lang='lat' dir='ltr'>quia</span> <span class='ocrx_word' id='word_1_282' title='bbox 1013 3330 1145 3402; x_wconf 89' lang='lat' dir='ltr'>pluribus</span> 
     </span>
     <span class='ocr_line' id='line_1_38' title="bbox 221 3400 1144 3470; baseline -0.003 -14"><span class='ocrx_word' id='word_1_283' title='bbox 221 3401 354 3470; x_wconf 85' lang='lat' dir='ltr'>personis</span> <span class='ocrx_word' id='word_1_284' title='bbox 371 3401 446 3456; x_wconf 83' lang='lat' dir='ltr'>nihil</span> <span class='ocrx_word' id='word_1_285' title='bbox 465 3401 522 3457; x_wconf 91' lang='lat' dir='ltr'>nisi</span> <span class='ocrx_word' id='word_1_286' title='bbox 541 3403 612 3456; x_wconf 87' lang='lat' dir='ltr'>tales</span> <span class='ocrx_word' id='word_1_287' title='bbox 630 3417 774 3458; x_wconf 87' lang='lat' dir='ltr'>sermones</span> <span class='ocrx_word' id='word_1_288' title='bbox 793 3401 936 3456; x_wconf 87' lang='lat' dir='ltr'>tribuendi</span> <span class='ocrx_word' id='word_1_289' title='bbox 954 3411 1060 3467; x_wconf 88' lang='lat' dir='ltr'>essent,</span> <span class='ocrx_word' id='word_1_290' title='bbox 1080 3400 1144 3466; x_wconf 88' lang='lat' dir='ltr'>qui·</span> 
     </span>
     <span class='ocr_line' id='line_1_39' title="bbox 221 3470 1144 3538; baseline -0.003 -13"><span class='ocrx_word' id='word_1_291' title='bbox 221 3471 275 3525; x_wconf 88' lang='lat' dir='ltr'>bus</span> <span class='ocrx_word' id='word_1_292' title='bbox 292 3470 366 3526; x_wconf 80' lang='lat' dir='ltr'>nihil</span> <span class='ocrx_word' id='word_1_293' title='bbox 385 3471 562 3537; x_wconf 88' lang='lat' dir='ltr'>continetur,</span> <span class='ocrx_word' id='word_1_294' title='bbox 585 3487 641 3537; x_wconf 88' lang='lat' dir='ltr'>quo</span> <span class='ocrx_word' id='word_1_295' title='bbox 659 3481 707 3524; x_wconf 89' lang='lat' dir='ltr'>aut</span> <span class='ocrx_word' id='word_1_296' title='bbox 725 3471 856 3525; x_wconf 84' lang='lat' dir='ltr'>Orestem</span> <span class='ocrx_word' id='word_1_297' title='bbox 875 3481 1030 3538; x_wconf 80' lang='lat' dir='ltr'>coarguant</span> <span class='ocrx_word' id='word_1_298' title='bbox 1047 3480 1095 3523; x_wconf 93' lang='lat' dir='ltr'>aut</span> <span class='ocrx_word' id='word_1_299' title='bbox 1113 3484 1144 3524; x_wconf 86' lang='lat' dir='ltr'>se</span> 
     </span>
     <span class='ocr_line' id='line_1_40' title="bbox 220 3538 1144 3677; baseline -0.003 -14"><span class='ocrx_word' id='word_1_300' title='bbox 220 3538 1144 3677; x_wconf 53' lang='lat' dir='ltr'>itti1trististrististissi*,diffudisset</span> 
     </span>
     <span class='ocr_line' id='line_1_41' title="bbox 221 3676 1142 3749; baseline -0.001 -18"><span class='ocrx_word' id='word_1_301' title='bbox 221 3694 256 3732; x_wconf 87' lang='lat' dir='ltr'>eo</span> <span class='ocrx_word' id='word_1_302' title='bbox 274 3695 350 3733; x_wconf 82' lang='lat' dir='ltr'>nexu</span> <span class='ocrx_word' id='word_1_303' title='bbox 368 3679 567 3747; x_wconf 86' lang='lat' dir='ltr'>continentur,</span> <span class='ocrx_word' id='word_1_304' title='bbox 586 3679 635 3748; x_wconf 87' lang='lat' dir='ltr'>qui</span> <span class='ocrx_word' id='word_1_305' title='bbox 655 3677 825 3748; x_wconf 73' lang='lat' dir='ltr'>prohibeat,</span> <span class='ocrx_word' id='word_1_306' title='bbox 844 3693 879 3731; x_wconf 89' lang='lat' dir='ltr'>ue</span> <span class='ocrx_word' id='word_1_307' title='bbox 897 3676 1022 3732; x_wconf 85' lang='lat' dir='ltr'>diuersis</span> <span class='ocrx_word' id='word_1_308' title='bbox 1040 3693 1142 3749; x_wconf 85' lang='lat' dir='ltr'>perso-</span> 
     </span>
     <span class='ocr_line' id='line_1_42' title="bbox 219 3741 1143 3817; baseline -0.003 -16"><span class='ocrx_word' id='word_1_309' title='bbox 219 3747 266 3802; x_wconf 91' lang='lat' dir='ltr'>nis</span> <span class='ocrx_word' id='word_1_310' title='bbox 292 3746 461 3802; x_wconf 87' lang='lat' dir='ltr'>tribuantur.</span> <span class='ocrx_word' id='word_1_311' title='bbox 513 3746 609 3812; x_wconf 79' lang='lat' dir='ltr'>uuio,</span> <span class='ocrx_word' id='word_1_312' title='bbox 644 3747 718 3814; x_wconf 85' lang='lat' dir='ltr'>quod</span> <span class='ocrx_word' id='word_1_313' title='bbox 739 3745 956 3802; x_wconf 68' lang='lat' dir='ltr'>relevetis</span> <span class='ocrx_word' id='word_1_314' title='bbox 984 3746 1049 3817; x_wconf 90' lang='lat' dir='ltr'>ipso</span> <span class='ocrx_word' id='word_1_315' title='bbox 1072 3741 1143 3800; x_wconf 84' lang='lat' dir='ltr'>satis</span> 
     </span>
     <span class='ocr_line' id='line_1_43' title="bbox 174 3813 1141 3884; baseline -0.004 -14"><span class='ocrx_word' id='word_1_316' title='bbox 174 3827 176 3834; x_wconf 80' lang='grc'>’</span> <span class='ocrx_word' id='word_1_317' title='bbox 220 3825 300 3870; x_wconf 88' lang='lat' dir='ltr'>certo</span> <span class='ocrx_word' id='word_1_318' title='bbox 318 3817 430 3884; x_wconf 88' lang='lat' dir='ltr'>elucet,</span> <span class='ocrx_word' id='word_1_319' title='bbox 454 3817 553 3873; x_wconf 88' lang='lat' dir='ltr'>saltem</span> <span class='ocrx_word' id='word_1_320' title='bbox 573 3817 697 3872; x_wconf 73' lang='lat' dir='ltr'>vestii</span> <span class='ocrx_word' id='word_1_321' title='bbox 718 3829 745 3869; x_wconf 87' lang='lat' dir='ltr'>et</span> <span class='ocrx_word' id='word_1_322' title='bbox 762 3815 832 3880; x_wconf 79' lang='lat'>5⁷5,</span> <span class='ocrx_word' id='word_1_323' title='bbox 860 3833 894 3870; x_wconf 91' lang='lat' dir='ltr'>nc</span> <span class='ocrx_word' id='word_1_324' title='bbox 911 3814 1009 3868; x_wconf 85' lang='lat' dir='ltr'>addam</span> <span class='ocrx_word' id='word_1_325' title='bbox 1028 3813 1141 3868; x_wconf 69' lang='lat' dir='ltr'>Vedii</span> 
     </span>
     <span class='ocr_line' id='line_1_44' title="bbox 220 3882 1143 3956; baseline -0.004 -18"><span class='ocrx_word' id='word_1_326' title='bbox 220 3899 281 3951; x_wconf 69' lang='lat' dir='ltr'>su,</span> <span class='ocrx_word' id='word_1_327' title='bbox 303 3887 339 3938; x_wconf 82' lang='lat' dir='ltr'>ab</span> <span class='ocrx_word' id='word_1_328' title='bbox 357 3902 412 3940; x_wconf 84' lang='lat' dir='ltr'>una</span> <span class='ocrx_word' id='word_1_329' title='bbox 429 3887 581 3951; x_wconf 81' lang='lat' dir='ltr'>eademque</span> <span class='ocrx_word' id='word_1_330' title='bbox 600 3901 720 3956; x_wconf 87' lang='lat' dir='ltr'>persona</span> <span class='ocrx_word' id='word_1_331' title='bbox 739 3884 865 3951; x_wconf 80' lang='lat' dir='ltr'>prolatos</span> <span class='ocrx_word' id='word_1_332' title='bbox 882 3887 962 3940; x_wconf 82' lang='lat' dir='ltr'>essei</span> <span class='ocrx_word' id='word_1_333' title='bbox 997 3882 1054 3938; x_wconf 88' lang='lat' dir='ltr'>Sed</span> <span class='ocrx_word' id='word_1_334' title='bbox 1073 3885 1143 3936; x_wconf 81' lang='lat' dir='ltr'>hacc</span> 
     </span>
     <span class='ocr_line' id='line_1_45' title="bbox 219 3951 1141 4023; baseline -0.002 -17"><span class='ocrx_word' id='word_1_335' title='bbox 219 3951 367 4010; x_wconf 78' lang='lat' dir='ltr'>sufficiant</span> <span class='ocrx_word' id='word_1_336' title='bbox 385 3955 508 4010; x_wconf 85' lang='lat' dir='ltr'>indicata</span> <span class='ocrx_word' id='word_1_337' title='bbox 526 3954 616 4023; x_wconf 76' lang='lat' dir='ltr'>magis</span> <span class='ocrx_word' id='word_1_338' title='bbox 630 3972 709 4018; x_wconf 78' lang='lat' dir='ltr'>quern</span> <span class='ocrx_word' id='word_1_339' title='bbox 725 3952 867 4022; x_wconf 84' lang='lat' dir='ltr'>disputate</span> <span class='ocrx_word' id='word_1_340' title='bbox 884 3953 918 4007; x_wconf 84' lang='lat' dir='ltr'>ud</span> <span class='ocrx_word' id='word_1_341' title='bbox 936 3965 1058 4008; x_wconf 87' lang='lat' dir='ltr'>nostram</span> <span class='ocrx_word' id='word_1_342' title='bbox 1076 3965 1141 4004; x_wconf 80' lang='lat' dir='ltr'>een·</span> 
     </span>
     <span class='ocr_line' id='line_1_46' title="bbox 148 4020 1140 4098; baseline -0.003 -23"><span class='ocrx_word' id='word_1_343' title='bbox 148 4085 154 4098; x_wconf 25' lang='lat'>⁶</span> <span class='ocrx_word' id='word_1_344' title='bbox 219 4020 336 4076; x_wconf 84' lang='lat' dir='ltr'>tentiam</span> <span class='ocrx_word' id='word_1_345' title='bbox 361 4023 537 4094; x_wconf 77' lang='lat' dir='ltr'>ipsius-loci</span> <span class='ocrx_word' id='word_1_346' title='bbox 565 4022 723 4096; x_wconf 80' lang='lat' dir='ltr'>Aeschylei</span> <span class='ocrx_word' id='word_1_347' title='bbox 750 4021 862 4086; x_wconf 83' lang='lat' dir='ltr'>ratione</span> <span class='ocrx_word' id='word_1_348' title='bbox 886 4021 1047 4080; x_wconf 81' lang='lat' dir='ltr'>accuratius</span> <span class='ocrx_word' id='word_1_349' title='bbox 1073 4035 1140 4091; x_wconf 88' lang='lat' dir='ltr'>per-</span> 
     </span>
     <span class='ocr_line' id='line_1_47' title="bbox 219 4090 595 4162; baseline 0.013 -17"><span class='ocrx_word' id='word_1_350' title='bbox 219 4090 368 4162; x_wconf 85' lang='lat' dir='ltr'>pendenda</span> <span class='ocrx_word' id='word_1_351' title='bbox 385 4091 595 4151; x_wconf 83' lang='lat' dir='ltr'>stabiliendam.</span> 
     </span>
    </p>
   </div>
   <div class='ocr_carea' id='block_1_4' title="bbox 0 0 1402 4692">
    <p class='ocr_par' dir='ltr' id='par_1_4' title="bbox 0 0 1402 4692">
     <span class='ocr_line' id='line_1_48' title="bbox 0 0 1402 4692; baseline 0 2"><span class='ocrx_word' id='word_1_352' title='bbox 0 0 1402 4692; x_wconf 95' lang='lat' dir='ltr'> </span> 
     </span>
    </p>
   </div>
  </div>
 </body>
</html>
