2796 4694
250 365 276 436 *λ

252 536 419 602 lummodo
433 538 547 616 altera,
570 553 635 619 qua
655 542 757 597 totam
777 535 916 597 insulam
928 524 1133 619 unaquuasi
1153 553 1279 618 rupem

252 645 322 686 esse
357 625 517 690 innuitur.
566 619 671 699 *Huic
706 639 773 680 uon
810 621 1061 702 patrocinantur
1099 617 1280 704 Euripidis

254 708 375 785 verba,
398 703 543 770 Troadd.
566 703 624 766 Vs.
646 703 688 768 89
708 723 797 786 seqq.

378 813 491 879 Ἀκταί
511 811 543 873 δί
563 807 712 874 Μυκόνου
731 809 847 886 Δηλίαν
866 833 898 874 τι
917 808 1071 896 χοιράδες,
1264 883 1274 902 χ

380 895 502 980 Σκῦρός
524 917 556 957 τε
575 894 704 975 Λῆμνός
727 893 793 957 θάἱ
813 893 993 976 Καφήρειοί
1010 893 1035 957 τ’
1057 893 1152 979 ἄκραι

379 985 497 1046 πολλῶν
516 977 674 1042 θανόντοιν
697 976 816 1058 σώμαθ’
838 982 957 1052 ἕξουσιν
977 983 1101 1064 νεκρῶν.

254 1067 319 1132 Ubi
344 1065 424 1150 quid
444 1065 509 1128 sibi
531 1065 634 1126 velint
649 1064 765 1138 Δηλίαι
784 1061 939 1146 χοιράδες,
962 1066 1085 1148 optimc
1107 1061 1202 1128 docet
1222 1064 1279 1126 lo-

256 1175 313 1216 cus
333 1149 529 1238 Aeschyleus
551 1167 650 1229 supra
671 1145 840 1209 landatusr

380 1256 493 1322 ’Λακαί
514 1255 546 1316 δὲ
566 1255 681 1332 νεκρῶν
702 1250 846 1337 χοιράδες
864 1251 889 1332 ν’
910 1249 1076 1332 ἐπλήθυον,

256 1345 315 1408 ubi
335 1342 438 1408 schol.
461 1335 623 1424 χοιράδες,
642 1336 824 1400 θαλάσσιαι·
837 1337 956 1422 πίνραι.

319 1427 461 1492 Omnino
475 1421 651 1497 latendum,
676 1423 773 1502 etiam
788 1421 872 1484 hanc
886 1422 1190 1506 interpretationem
1204 1441 1276 1484 non

256 1531 407 1598 magnam
435 1507 566 1580 habere·
579 1503 881 1568 verisimilitudinis
910 1505 1062 1590 speciem.
1090 1545 1133 1557 -
1180 1503 1277 1566 Utri-

255 1617 357 1679 usque
378 1590 464 1676 apud
485 1590 694 1652 scholiastam
711 1589 749 1650 Δ.
762 1591 902 1676 vestigia
920 1592 1140 1675 reperiuntur.
1181 1587 1276 1651 Idem

221 1697 223 1703 ’
256 1679 421 1744 diversam
441 1675 616 1739 lectionem
637 1673 800 1748 servavit,
821 1674 851 1734 si
871 1693 953 1756 quae
970 1675 1071 1738 verba
1091 1669 1178 1758 apud
1197 1692 1275 1735 cum

150 1802 154 1810 ,
254 1765 411 1850 leguntur
429 1765 541 1862 aperte
562 1764 732 1838 corrupta:
760 1753 895 1832 ΙἈλλως·
925 1759 1045 1834 Δηλίαν
1071 1778 1103 1820 τε
1126 1753 1271 1841 χοιράδα·

256 1843 311 1922 τὴν
334 1848 516 1928 οτροχχνλην
538 1843 573 1902 in
603 1840 768 1924 integrum
788 1843 1017 1924 restituunturx
1033 1844 1069 1902 in
1097 1841 1183 1904 hunc
1204 1860 1276 1902 mo-

258 1927 352 1990 dum:
391 1926 511 2001 Δηλίαν
537 1918 592 1998 τὴν
618 1919 748 2004 χυράδα·
779 1919 833 1998 τάν
860 1922 1053 2007 στρομχάλην.
1108 1923 1153 1988 Ut
1187 1924 1274 1987 hunc

255 2019 385 2076 'versum
406 2012 589 2086 lucremur:

382 2111 494 2184 Λιποίν
515 2114 547 2176 δὲ
568 2112 673 2194 λίμνην
691 2115 812 2190 Δηλίαν
831 2111 886 2194 τήν
904 2115 1034 2202 χοιράδα.

257 2229 396 2292 Miraris
429 2225 591 2286 nerninem
618 2221 684 2284 tale
713 2221 792 2305 quid
820 2229 973 2304 sensisse,
1012 2228 1092 2292 licet
1122 2233 1273 2294 monente

258 2313 299 2375 de
332 2308 520 2392 corruptela
545 2306 610 2385 jam
640 2304 868 2386 Wakefieldo,
909 2311 1011 2374 latere
1042 2315 1078 2375 in
1107 2333 1189 2378 voce
1218 2313 1274 2378 tle·

258 2403 395 2481 pravata
414 2387 548 2477 χοιράδα
569 2390 752 2470 suspicante
772 2390 916 2470 κοιλάδα,
939 2394 1026 2478 quod
1047 2397 1180 2479 quidem
1199 2417 1274 2482 prc-

258 2481 332 2544 bari
354 2479 488 2540 omnino
510 2481 714 2555 conpotem
757 2473 814 2537 Sic
838 2483 864 2539 λ.
893 2477 1012 2560 χοράδα
1039 2491 1187 2557 vocasset
1207 2483 1274 2546 No·

259 2576 344 2640 ster,
372 2581 469 2644 quam
490 2559 550 2618 alii
571 2553 776 2639 τροχάεσοαν,
805 2563 981 2645 τροχοειδῆ,
1008 2567 1158 2646 περιηχῆς
1187 2565 1272 2642 vide,

258 2668 340 2730 quos
361 2643 553 2728 provocavit
573 2640 786 2721 Schuetzius,
808 2646 924 2728 quibus
945 2645 1028 2711 adde
1049 2649 1195 2736 Theogn.
1217 2651 1273 2716 Vs.

260 2727 296 2796 7.’
334 2726 540 2800 Vocabulum
565 2725 626 2786 etsi
649 2725 711 2787 hoc
732 2746 797 2787 uno
819 2737 945 2790 tantum
966 2732 1040 2795 loco
1062 2735 1204 2810 obvium,
1227 2743 1275 2796 ta·

259 2834 342 2876 ment
356 2814 387 2872 le
411 2813 503 2871 itime
524 2810 709 2870 formatum.
758 2808 809 2872 Ita
826 2813 916 2890 juxta
937 2819 1147 2898 reperiuntur
1166 2813 1276 2897 χνμνδς

257 2907 295 2960 'et
314 2919 437 2979 χομνας,
461 2891 563 2965 κοῖλος
583 2900 616 2953 ct
628 2889 753 2973 κοιλάς,
777 2892 885 2968 λισοδς
905 2906 939 2959 ot
958 2898 1079 2977 λισσάς,
1102 2901 1177 2964 alia.
1220 2901 1276 2963 Est

260 2983 342 3044 haec'
361 2999 426 3038 una
447 2978 534 3037 ratio
555 2975 722 3038 tollendae
744 2975 959 3060 difficultatis,
981 2983 1068 3046 haud
1090 3005 1136 3064 ea,
1158 2993 1197 3047 ut
1216 2987 1276 3054 mi-

260 3067 298 3128 hi
320 3061 451 3146 quidem
470 3057 618 3136 videtur,
639 3060 875 3140 improbabilis.
929 3065 994 3130 Sed
1016 3067 1130 3132 licebit
1150 3088 1276 3152 qnoque

260 3169 331 3212 rem
362 3150 409 3207 ita
437 3144 631 3230 profligare,
665 3152 703 3204 ut
731 3164 850 3226 ponas,
884 3151 986 3212 verba
1012 3149 1067 3228 κῆν
1097 3151 1276 3236 προχχάλην

260 3233 414 3315 primitus
444 3229 584 3314 glossam
616 3229 759 3290 effecisse
794 3228 835 3291 ad
858 3227 1056 3298 ¹vocabulum
1087 3237 1192 3317 λίμνην
1223 3235 1277 3299 ad-

260 3318 426 3398 scriptam,
449 3317 615 3393 postvero
628 3311 745 3372 falsum
762 3312 879 3376 lemma
919 3321 1133 3402 raepositum=
1161 3321 1279 3398 Δηλίαν

261 3421 292 3460 τι
313 3393 464 3482 χοιράδα,
495 3401 534 3456 ut
554 3393 617 3456 hcc
638 3413 704 3456 non
727 3337 961 3464 emendanfum
983 3405 1044 3482 sit,
1072 3402 1128 3467 sed
1150 3407 1278 3486 ejicien-

263 3483 342 3544 dum
363 3489 396 3543 et
415 3499 477 3564 pro
498 3495 538 3542 eo
559 3479 662 3559 λίμνην
683 3481 914 3561 reponendum.
958 3486 1063 3567 Quam
1086 3491 1278 3551 sententiam

263 3569 364 3628 etiam
390 3561 648 3647 probabiliorem
669 3560 775 3625 ducas.
829 3565 909 3629 Utut
929 3579 1067 3650 statuas,
1095 3593 1161 3635 non
1188 3581 1278 3655 puta·

262 3651 369 3712 verim
398 3647 492 3708 illam
516 3648 692 3732 genuinam
714 3665 783 3710 esse
810 3650 986 3714 lectionem
1006 3665 1039 3718 et
1059 3675 1137 3719 vere
1158 3656 1197 3718 ab
1219 3659 1278 3718 lle-

263 3734 377 3816 schylo
398 3733 588 3812 profectam.
630 3729 716 3790 Nam
736 3735 878 3814 primum
901 3753 1022 3815 omnes,
1045 3759 1128 3824 quae
1148 3760 1166 3801 a
1188 3741 1279 3802 scho-

263 3816 359 3878 liasta
381 3817 563 3876 afferuntur
583 3815 694 3878 variae
720 3814 878 3879 lectiones
899 3821 1022 3884 nullius
1044 3825 1179 3886 omuino
1207 3844 1278 3906 prc-

234 3908 237 3911 '
262 3902 307 3962 tii
327 3908 421 3975 sunt,
449 3896 526 3960 vide
546 3894 588 3961 V.
612 3899 668 3974 66,
691 3899 768 3972 7693
798 3899 932 3982 deinde,
962 3910 1108 3987 quamvis
1129 3908 1277 3972 vocabuli
1382 3899 1383 3944 ί

265 3987 367 4064 stirps
387 3983 469 4059 satis
485 3983 620 4064 antiqua
641 3982 702 4056 sit,
731 3983 835 4046 Attici
863 3995 971 4049 tamen
992 3991 1078 4053 nihil
1100 3990 1178 4054 hinc
1199 3990 1277 4052 deli-

265 4068 357 4131 basse
378 4063 533 4134 videmur
552 4063 720 4132 Lobeokio
741 4065 783 4130 ad
805 4067 979 4154 Pbryuioh.
1001 4095 1032 4160 p.
1048 4077 1118 4142 417.
1160 4073 1278 4142 Veram
