2652 4688
1009 323 1086 406 185

95 504 280 571 describenda
308 514 421 568 essent·
440 505 641 581 eumantius,
654 501 1086 566 ·‘esiam·dc·0ssstoodtos-

96 603 152 671 ret,
169 599 197 652 et
217 593 330 668 simol,
351 609 415 671 quo
437 590 514 666 jure.
528 589 651 648 ibidem
671 589 816 658 denoao
830 590 1087 668 Erinnyumonos

94 680 166 737 mine
198 695 380 736 sermonem
417 672 521 733 foisse
541 674 795 750 conjecerimus3
832 672 1006 734 ‘cumfuse
1023 689 1088 732 res

94 762 175 822 etiam
188 758 409 845 grammaticis
424 755 568 816 testibus·
577 757 759 819 arctissime
770 761 968 837 toenjunctae
986 768 1087 816 erana

91 843 179 928 Ergo,
216 851 257 902 ut
289 841 402 924 paucis
435 837 706 919 comprehendam
743 839 996 922 quodusmttc,
1014 867 1018 876 =
1036 839 1090 901 oi-

92 924 174 986 detor
190 924 342 988 Minerva
363 925 400 984 in
429 924 489 1000 iis,
508 953 512 960 v
531 943 628 1004 quae
645 923 899 1001 interciderunt,
942 922 1020 983 dum
1049 919 1092 981 de

90 1029 191 1090 pompa
213 1006 357 1086 dicebat,
383 1007 511 1069 Orestis
529 1007 634 1078 denuo
647 1009 809 1068 mahssatn·
820 1008 1013 1084 sus'cepisse,
1028 1029 1030 1040 ·
1044 1007 1092 1065 ita

90 1091 223 1173 quidem,
244 1101 282 1152 ut
302 1092 415 1152 Furias
438 1091 638 1167 hortaretur,
659 1098 697 1152 ut
718 1093 816 1152 etiam
838 1091 915 1152 haic
937 1109 1004 1150 non
1025 1107 1091 1149 am-

86 1177 166 1258 plius
184 1176 418 1251 irascerentur,
447 1183 543 1255 atquc
563 1185 638 1254 post
657 1175 711 1236 vel
732 1176 820 1236 inter
840 1194 878 1235 ea
898 1173 1015 1246 verba,
1043 1175 1093 1231 in-

90 1267 201 1321 certum
223 1279 286 1342 qua
307 1261 455 1335 ratione,
477 1278 544 1319 uon
569 1267 677 1319 tamen
699 1267 851 1339 tanquam
872 1279 932 1341 per
952 1258 1094 1318 occasio-

89 1363 164 1420 nem,
183 1341 238 1405 sed
260 1344 308 1405 ita
327 1349 365 1403 ut
384 1363 484 1404 nexus
504 1339 636 1424 quidam
659 1342 748 1406 inter
765 1351 937 1425 utramque
953 1359 1024 1400 rem
1045 1341 1095 1399 iu-

87 1424 274 1506 tercederet,
313 1428 403 1488 hisce
423 1424 636 1486 Eumenidum
669 1446 784 1488 nomen
813 1428 1023 1508 imposuisse,
1063 1431 1097 1484 et

88 1509 196 1574 deinde
216 1514 299 1575 viris
314 1509 583 1588 Atheniensibus,
604 1511 662 1588 qui
683 1520 778 1572 antea
798 1509 942 1589 judicum
963 1527 1096 1568 munere

86 1597 183 1658 functi
204 1605 315 1672 erant,
354 1592 539 1670 mandasse,
575 1602 614 1653 ut
635 1594 730 1654 ilium
751 1596 788 1653 in
808 1595 905 1658 finem
926 1594 1001 1657 deas
1023 1611 1096 1652 cunr

86 1679 156 1743 aliis
174 1689 243 1742 tum
263 1679 426 1741 sacrificio
449 1678 559 1738 oblato
581 1677 791 1739 honorarent.
1001 1682 1003 1688 ’

162 1765 201 1826 Et
221 1765 302 1826 haec
322 1765 391 1824 fers
411 1770 488 1822 sunt
507 1780 589 1843 quae
609 1761 668 1822 sub
690 1763 796 1844 ipsum
816 1763 915 1823 finem
937 1763 1098 1824 erationis

83 1848 249 1913 Minervae
278 1845 367 1907 dicta
396 1854 557 1927 putemus.
600 1843 689 1907 Num
718 1865 797 1908 vero
826 1853 922 1916 antea
950 1847 1098 1928 pluribus

84 1943 116 1994 et
143 1932 182 1994 de
210 1930 347 2012 reliquis
376 1929 483 1990 cultus
503 1927 718 1991 Eumenidum
746 1930 893 2012 partibus
921 1939 954 1992 et
975 1929 1016 1991 de
1037 1931 1100 1991 hos

83 2019 179 2079 etiam
207 2020 243 2077 in
276 2021 442 2096 posterum
472 2010 592 2074 deabus
627 2012 803 2074 tribuendo
841 2035 947 2076 sermo
982 2017 1100 2088 fuerat,

80 2110 118 2162 ut
136 2099 334 2162 Fritssehius
355 2117 396 2158 au
420 2105 536 2157 uratur
558 2099 593 2158 in
614 2099 674 2174 iis,
707 2117 789 2178 quae
809 2103 958 2180 superius
984 2117 1015 2179 p.
1040 2100 1100 2162 195

81 2194 114 2247 et
134 2206 180 2266 sq.
210 2192 293 2246 extr.
327 2116 555 2243 exhibuimus?
607 2180 684 2242 Nou
716 2182 845 2263 opinor.
898 2183 983 2244 Nam
1019 2203 1101 2264 quoae

79 2273 115 2330 in
137 2271 209 2350 ipsa
237 2266 388 2328 oratione
417 2263 524 2326 adhuc
552 2264 712 2326 exstantia
739 2267 848 2326 virum
871 2267 1010 2328 doctum·
1030 2287 1101 2328 mo-

78 2360 214 2429 verunt,
252 2358 291 2411 ut
317 2349 454 2410 alteram
482 2349 550 2425 ejus
578 2357 705 2429 partem
726 2346 790 2407 huc
811 2358 971 2429 spectasse
992 2348 1103 2411 crede·

80 2443 148 2510 ret,
177 2432 277 2495 verba
297 2427 333 2491 τὸ
354 2426 476 2504 λοιπὸν,
512 2432 540 2490 si
562 2433 689 2514 integra
710 2433 889 2508 sententia,
917 2433 975 2492 ubi
996 2434 1104 2514 posita

79 2525 174 2592 sunt,
208 2511 250 2577 ad
273 2513 420 2574 Orestem
441 2514 567 2594 potius,
606 2531 701 2595 quam
724 2512 766 2574 ad
785 2515 999 2577 Athenienses
1020 2519 1104 2577 refe-

75 2598 180 2666 renda
204 2607 269 2677 est,
290 2595 377 2656 nihil
399 2593 557 2675 ejusmodi
578 2597 729 2677 probant.
775 2598 917 2662 Omnino
939 2619 1018 2663 vero
1041 2601 1103 2661 hcc

76 2685 240 2768 placitum
270 2700 312 2742 ne
341 2699 402 2761 per
432 2700 467 2742 se
499 2677 632 2760 quidem
663 2681 833 2761 probabile
864 2691 922 2746 est.
976 2685 1104 2744 Etenim

76 2773 150 2831 sive
180 2767 306 2826 cultum
331 2764 530 2826 dearumin
556 2766 745 2827 universum
774 2765 1011 2828 instituendum
1037 2787 1106 2829 esse

75 2870 210 2929 censes,
240 2851 309 2910 sive
330 2848 476 2932 singulas
499 2849 672 2908 nonnullas
693 2851 761 2928 ejus
782 2861 891 2933 partes
913 2871 1105 2913 commemo-

71 2933 217 3010 randas,
253 2933 322 2994 sive
349 2931 504 3014 populum
526 2933 758 2994 Atheniensem
787 2933 1000 3012 monendum,
1038 2955 1107 2996 om·

70 3020 176 3079 nibus
199 3017 290 3077 hisce
317 3017 380 3094 jam
402 3025 497 3076 antea
524 3017 725 3076 satisfactum
748 3026 818 3080 erat
839 3039 858 3078 a
878 3018 1031 3082 Minerva
1052 3020 1107 3096 iis,

71 3122 163 3183 quae
187 3102 332 3180 primum
352 3097 410 3159 Vs.
433 3101 493 3164 771
516 3120 604 3180 sqq„
627 3109 696 3160 tum
717 3100 774 3162 Vs.
797 3103 859 3166 797
879 3123 967 3184 sqq„
990 3100 1108 3164 deinde

67 3186 131 3246 Vs.
157 3185 224 3249 829
246 3203 315 3264 sqq.
338 3190 372 3242 et
393 3184 546 3266 inprimis
568 3182 685 3244 iudea
707 3185 764 3247 Vs.
781 3186 843 3249 850
864 3205 965 3267 usque
987 3185 1029 3246 ad
1050 3186 1107 3250 Vs.

62 3273 148 3335 861.
174 3266 318 3347 denique
338 3265 395 3326 Vs.
418 3269 480 3330 946
500 3287 587 3348 sqq.‚
617 3265 764 3346 dixerat,
797 3289 937 3349 quorum
959 3271 1109 3331 locorum

61 3354 154 3415 talis
185 3352 274 3411 ratio
296 3359 360 3424 est,
400 3359 438 3412 ut
466 3359 563 3432 poeta
597 3351 660 3412 hoc
688 3357 822 3438 negotio
844 3355 880 3412 in
902 3354 1110 3435 sequentibus

60 3434 295 3518 supersedere
332 3453 398 3494 non
436 3444 502 3501 tam
535 3454 628 3516 posse
666 3457 762 3516 quam
795 3435 914 3497 debere
940 3436 1109 3509 videatur3

61 3525 182 3584 immo
206 3519 305 3580 etiam
326 3537 462 3600 pompa,
484 3539 546 3600 qua
567 3518 763 3582 Eumenides
784 3520 825 3584 ad
846 3513 937 3582 sedes
958 3540 1031 3582 suas
1053 3519 1111 3580 du-

60 3611 204 3663 cuntur
227 3610 260 3664 et
280 3622 374 3664 sacra
395 3604 430 3662 in
453 3621 490 3663 ea
512 3601 676 3678 obeunda,
717 3625 799 3684 quaa
828 3623 879 3665 res
901 3604 1030 3665 demum
1051 3603 1110 3664 suh

58 3689 179 3746 finem
212 3687 341 3748 fabulae
372 3687 475 3750 fusius
505 3683 750 3762 describuntur,
787 3689 850 3766 jam
879 3687 936 3750 Vs.
958 3689 1021 3752 816
1042 3708 1109 3768 sqq.

57 3781 239 3849 tanquam
266 3773 365 3830 etiam
387 3771 423 3829 in
452 3779 619 3851 posterum
647 3770 806 3832 duratura
838 3773 885 3832 ita
915 3791 1111 3851 conrmcmo-

54 3859 219 3928 rantur,
241 3859 278 3911 ut
298 3873 339 3914 ne
357 3851 398 3914 de
420 3853 483 3914 hoc
504 3852 636 3935 quidem
658 3857 693 3914 io
715 3855 777 3916 hac
798 3853 927 3916 demum
949 3862 1112 3937 postrema

47 3935 258 4004 Minervae
275 3937 424 4004 oratioue
445 3957 629 4002 sermonem
650 3939 750 4006 tuisse
770 3939 941 4026 probabile
960 3939 1023 4023 sits
1044 3936 1113 3998 Mi-
