<?xml version="1.0" encoding="UTF-8"?>
<!DOCTYPE html PUBLIC "-//W3C//DTD XHTML 1.0 Transitional//EN"
    "http://www.w3.org/TR/xhtml1/DTD/xhtml1-transitional.dtd">
<html xmlns="http://www.w3.org/1999/xhtml" xml:lang="en" lang="en">
 <head>
  <title>
</title>
<meta http-equiv="Content-Type" content="text/html;charset=utf-8" />
  <meta name='ocr-system' content='tesseract 3.04.00' />
  <meta name='ocr-capabilities' content='ocr_page ocr_carea ocr_par ocr_line ocrx_word'/>
</head>
<body>
  <div class='ocr_page' id='page_1' title='image "./conjectaneainae00wiesgoog_0279.png"; bbox 0 0 2812 4690; ppageno 0'>
   <div class='ocr_carea' id='block_1_1' title="bbox 169 355 285 448">
    <p class='ocr_par' dir='ltr' id='par_1_1' title="bbox 169 355 285 448">
     <span class='ocr_line' id='line_1_1' title="bbox 169 355 285 448; baseline -0.009 -14"><span class='ocrx_word' id='word_1_1' title='bbox 169 355 285 448; x_wconf 66' lang='grc' dir='ltr'><strong>,θλ</strong></span> 
     </span>
    </p>
   </div>
   <div class='ocr_carea' id='block_1_2' title="bbox 277 530 1270 875">
    <p class='ocr_par' dir='ltr' id='par_1_2' title="bbox 237 530 1270 875">
     <span class='ocr_line' id='line_1_2' title="bbox 277 530 1077 622; baseline 0 -24"><span class='ocrx_word' id='word_1_2' title='bbox 237 578 283 598; x_wconf 72' lang='lat'><em>,</em></span> <span class='ocrx_word' id='word_1_3' title='bbox 339 530 466 610; x_wconf 56' lang='lat' dir='ltr'><strong>‘imme</strong></span> <span class='ocrx_word' id='word_1_4' title='bbox 479 531 586 616; x_wconf 69' lang='grc' dir='ltr'><strong><em>δέιμοι</em></strong></span> <span class='ocrx_word' id='word_1_5' title='bbox 604 531 717 618; x_wconf 65' lang='grc' dir='ltr'><strong><em>μένοντ’</em></strong></span> <span class='ocrx_word' id='word_1_6' title='bbox 740 531 778 600; x_wconf 73' lang='grc' dir='ltr'><strong>ἂν</strong></span> <span class='ocrx_word' id='word_1_7' title='bbox 799 535 832 612; x_wconf 77' lang='grc' dir='ltr'><strong>ἐξ</strong></span> <span class='ocrx_word' id='word_1_8' title='bbox 851 533 952 622; x_wconf 73' lang='grc' dir='ltr'><strong><em>ἅρχῆρ</em></strong></span> <span class='ocrx_word' id='word_1_9' title='bbox 968 531 1077 621; x_wconf 52' lang='lat' dir='ltr'><strong>loyce*</strong></span> 
     </span>
     <span class='ocr_line' id='line_1_3' title="bbox 343 617 1140 704; baseline 0.003 -23.648"><span class='ocrx_word' id='word_1_10' title='bbox 343 619 455 698; x_wconf 65' lang='lat' dir='ltr'><strong>fb&#39;oote</strong></span> <span class='ocrx_word' id='word_1_11' title='bbox 472 622 653 704; x_wconf 75' lang='grc' dir='ltr'><strong><em>προςῆλθον</em></strong></span> <span class='ocrx_word' id='word_1_12' title='bbox 668 617 806 702; x_wconf 73' lang='grc' dir='ltr'><strong><em>’ἀβλαβεῖ</em></strong></span> <span class='ocrx_word' id='word_1_13' title='bbox 825 625 1007 702; x_wconf 65' lang='grc' dir='ltr'><strong><em>ξυνουσύρι-</em></strong></span> <span class='ocrx_word' id='word_1_14' title='bbox 1058 665 1062 671; x_wconf 90' lang='lat'>.</span> <span class='ocrx_word' id='word_1_15' title='bbox 1138 644 1140 652; x_wconf 93' lang='lat'>·</span> 
     </span>
     <span class='ocr_line' id='line_1_4' title="bbox 363 703 1072 791; baseline 0.003 -23"><span class='ocrx_word' id='word_1_16' title='bbox 363 703 492 788; x_wconf 78' lang='grc' dir='ltr'><strong><em>Χρόνος</em></strong></span> <span class='ocrx_word' id='word_1_17' title='bbox 511 706 661 787; x_wconf 70' lang='grc' dir='ltr'><strong><em>καθαιρεῖ</em></strong></span> <span class='ocrx_word' id='word_1_18' title='bbox 676 703 778 768; x_wconf 76' lang='grc' dir='ltr'><strong><em>πάντα</em></strong></span> <span class='ocrx_word' id='word_1_19' title='bbox 798 704 965 791; x_wconf 70' lang='grc' dir='ltr'><strong><em>γηράσκων</em></strong></span> <span class='ocrx_word' id='word_1_20' title='bbox 980 707 1072 788; x_wconf 79' lang='grc' dir='ltr'><strong><em>ύμού.</em></strong></span> 
     </span>
     <span class='ocr_line' id='line_1_5' title="bbox 321 787 1270 875; baseline 0 -23"><span class='ocrx_word' id='word_1_21' title='bbox 321 787 385 852; x_wconf 81' lang='lat' dir='ltr'><strong>Cui</strong></span> <span class='ocrx_word' id='word_1_22' title='bbox 413 791 488 852; x_wconf 92' lang='lat' dir='ltr'><strong>loco</strong></span> <span class='ocrx_word' id='word_1_23' title='bbox 511 811 610 874; x_wconf 86' lang='lat' dir='ltr'><strong>quum</strong></span> <span class='ocrx_word' id='word_1_24' title='bbox 632 791 818 854; x_wconf 82' lang='lat' dir='ltr'><strong>Muellerus</strong></span> <span class='ocrx_word' id='word_1_25' title='bbox 848 794 868 853; x_wconf 91' lang='lat' dir='ltr'><strong>l.</strong></span> <span class='ocrx_word' id='word_1_26' title='bbox 884 811 918 854; x_wconf 82' lang='lat' dir='ltr'><strong>o.</strong></span> <span class='ocrx_word' id='word_1_27' title='bbox 942 815 979 875; x_wconf 76' lang='lat' dir='ltr'><strong>p:</strong></span> <span class='ocrx_word' id='word_1_28' title='bbox 995 791 1162 860; x_wconf 62' lang='lat' dir='ltr'><strong>milhano</strong></span> <span class='ocrx_word' id='word_1_29' title='bbox 1184 792 1270 852; x_wconf 82' lang='lat' dir='ltr'><strong>scri-</strong></span> 
     </span>
    </p>
   </div>
   <div class='ocr_carea' id='block_1_3' title="bbox 129 864 1270 960">
    <p class='ocr_par' dir='ltr' id='par_1_3' title="bbox 129 864 1270 960">
     <span class='ocr_line' id='line_1_6' title="bbox 129 864 1270 960; baseline 0.003 -27"><span class='ocrx_word' id='word_1_30' title='bbox 129 864 133 874; x_wconf 83' lang='grc'>’</span> <span class='ocrx_word' id='word_1_31' title='bbox 236 872 334 944; x_wconf 86' lang='lat' dir='ltr'><strong>bebat</strong></span> <span class='ocrx_word' id='word_1_32' title='bbox 349 876 480 942; x_wconf 81' lang='lat' dir='ltr'><strong>subesse</strong></span> <span class='ocrx_word' id='word_1_33' title='bbox 499 877 706 952; x_wconf 84' lang='lat' dir='ltr'><strong>sententiam,</strong></span> <span class='ocrx_word' id='word_1_34' title='bbox 732 875 835 954; x_wconf 76' lang='lat' dir='ltr'><strong>adase,</strong></span> <span class='ocrx_word' id='word_1_35' title='bbox 857 893 969 940; x_wconf 82' lang='lat' dir='ltr'><strong>aueser</strong></span> <span class='ocrx_word' id='word_1_36' title='bbox 983 876 1049 942; x_wconf 76' lang='lat' dir='ltr'><strong>den</strong></span> <span class='ocrx_word' id='word_1_37' title='bbox 1060 867 1270 960; x_wconf 78' lang='lat' dir='ltr'><strong>Sillinungen</strong></span> 
     </span>
    </p>
   </div>
   <div class='ocr_carea' id='block_1_4' title="bbox 229 957 1271 2820">
    <p class='ocr_par' dir='ltr' id='par_1_4' title="bbox 229 957 1271 2820">
     <span class='ocr_line' id='line_1_7' title="bbox 235 957 1271 1047; baseline 0 -27"><span class='ocrx_word' id='word_1_38' title='bbox 235 957 305 1020; x_wconf 90' lang='lat' dir='ltr'><strong>und</strong></span> <span class='ocrx_word' id='word_1_39' title='bbox 328 957 402 1022; x_wconf 86' lang='lat' dir='ltr'><strong>dem</strong></span> <span class='ocrx_word' id='word_1_40' title='bbox 422 959 765 1039; x_wconf 80' lang='lat' dir='ltr'><strong>Mensohenverkehr,</strong></span> <span class='ocrx_word' id='word_1_41' title='bbox 788 958 843 1023; x_wconf 87' lang='lat' dir='ltr'><strong>die</strong></span> <span class='ocrx_word' id='word_1_42' title='bbox 862 962 975 1047; x_wconf 69' lang='lat' dir='ltr'><strong>Dirige</strong></span> <span class='ocrx_word' id='word_1_43' title='bbox 993 962 1054 1044; x_wconf 78' lang='lat' dir='ltr'><strong>der</strong></span> <span class='ocrx_word' id='word_1_44' title='bbox 1067 961 1145 1024; x_wconf 82' lang='lat' dir='ltr'><strong>Zeit</strong></span> <span class='ocrx_word' id='word_1_45' title='bbox 1166 962 1271 1022; x_wconf 88' lang='lat' dir='ltr'><strong>selbst</strong></span> 
     </span>
     <span class='ocr_line' id='line_1_8' title="bbox 233 1043 1267 1132; baseline -0.005 -27"><span class='ocrx_word' id='word_1_46' title='bbox 233 1043 339 1105; x_wconf 73' lang='lat' dir='ltr'><strong>selmo</strong></span> <span class='ocrx_word' id='word_1_47' title='bbox 361 1045 448 1106; x_wconf 90' lang='lat' dir='ltr'><strong>allen</strong></span> <span class='ocrx_word' id='word_1_48' title='bbox 464 1043 658 1108; x_wconf 80' lang='lat' dir='ltr'><strong>Makel&#39;von</strong></span> <span class='ocrx_word' id='word_1_49' title='bbox 674 1043 806 1107; x_wconf 83' lang='lat' dir='ltr'><strong>Orestes</strong></span> <span class='ocrx_word' id='word_1_50' title='bbox 825 1065 1021 1132; x_wconf 81' lang='lat' dir='ltr'><strong>genommcu</strong></span> <span class='ocrx_word' id='word_1_51' title='bbox 1042 1047 1149 1108; x_wconf 82' lang='lat' dir='ltr'><strong>baben</strong></span> <span class='ocrx_word' id='word_1_52' title='bbox 1167 1046 1267 1120; x_wconf 76' lang='lat' dir='ltr'><strong>eolla,</strong></span> 
     </span>
     <span class='ocr_line' id='line_1_9' title="bbox 229 1128 1270 1212; baseline 0.001 -21"><span class='ocrx_word' id='word_1_53' title='bbox 229 1147 255 1199; x_wconf 62' lang='lat' dir='ltr'><strong>⁴a</strong></span> <span class='ocrx_word' id='word_1_54' title='bbox 271 1147 358 1202; x_wconf 77' lang='lat' dir='ltr'><strong>uero¹</strong></span> <span class='ocrx_word' id='word_1_55' title='bbox 372 1131 480 1212; x_wconf 79' lang='lat' dir='ltr'><strong>plane·</strong></span> <span class='ocrx_word' id='word_1_56' title='bbox 490 1129 676 1192; x_wconf 79' lang='lat' dir='ltr'><strong>aberrabat.</strong></span> <span class='ocrx_word' id='word_1_57' title='bbox 720 1129 813 1192; x_wconf 86' lang='lat' dir='ltr'><strong>Haec</strong></span> <span class='ocrx_word' id='word_1_58' title='bbox 828 1132 936 1206; x_wconf 83' lang='lat' dir='ltr'><strong>enim,</strong></span> <span class='ocrx_word' id='word_1_59' title='bbox 959 1133 992 1192; x_wconf 82' lang='lat' dir='ltr'><strong>si</strong></span> <span class='ocrx_word' id='word_1_60' title='bbox 1004 1134 1138 1193; x_wconf 87' lang='lat' dir='ltr'><strong>omnino</strong></span> <span class='ocrx_word' id='word_1_61' title='bbox 1152 1128 1270 1192; x_wconf 69' lang='lat' dir='ltr'><strong>eicere</strong></span> 
     </span>
     <span class='ocr_line' id='line_1_10' title="bbox 235 1211 1269 1298; baseline 0 -22"><span class='ocrx_word' id='word_1_62' title='bbox 235 1221 352 1296; x_wconf 82' lang='lat' dir='ltr'><strong>poetae</strong></span> <span class='ocrx_word' id='word_1_63' title='bbox 373 1216 541 1290; x_wconf 66' lang='lat' dir='ltr'><strong>licuisset,</strong></span> <span class='ocrx_word' id='word_1_64' title='bbox 574 1222 670 1279; x_wconf 78' lang='lat' dir='ltr'><strong>certe</strong></span> <span class='ocrx_word' id='word_1_65' title='bbox 691 1211 883 1293; x_wconf 81' lang='lat' dir='ltr'><strong>eomodo,-</strong></span> <span class='ocrx_word' id='word_1_66' title='bbox 904 1235 971 1297; x_wconf 87' lang='lat' dir='ltr'><strong>quo</strong></span> <span class='ocrx_word' id='word_1_67' title='bbox 994 1227 1084 1282; x_wconf 76' lang='lat' dir='ltr'><strong>aua-e</strong></span> <span class='ocrx_word' id='word_1_68' title='bbox 1103 1213 1269 1298; x_wconf 87' lang='lat' dir='ltr'><strong>putandus</strong></span> 
     </span>
     <span class='ocr_line' id='line_1_11' title="bbox 233 1298 1269 1384; baseline -0.002 -24"><span class='ocrx_word' id='word_1_69' title='bbox 233 1308 329 1376; x_wconf 80' lang='lat' dir='ltr'><strong>esset,</strong></span> <span class='ocrx_word' id='word_1_70' title='bbox 345 1298 597 1382; x_wconf 75' lang='lat' dir='ltr'><strong>haudquaquam</strong></span> <span class='ocrx_word' id='word_1_71' title='bbox 608 1299 1060 1384; x_wconf 77' lang='lat' dir='ltr'><strong>poteratverbisexprimere.</strong></span> <span class='ocrx_word' id='word_1_72' title='bbox 1076 1301 1269 1370; x_wconf 80' lang='lat' dir='ltr'><strong>³Verissiurc</strong></span> 
     </span>
     <span class='ocr_line' id='line_1_12' title="bbox 230 1382 1270 1465; baseline -0.004 -19"><span class='ocrx_word' id='word_1_73' title='bbox 230 1382 446 1449; x_wconf 74' lang='lat' dir='ltr'><strong>Hermastus</strong></span> <span class='ocrx_word' id='word_1_74' title='bbox 467 1385 544 1446; x_wconf 30' lang='lat' dir='ltr'><strong>loco*</strong></span> <span class='ocrx_word' id='word_1_75' title='bbox 563 1386 783 1465; x_wconf 77' lang='lat' dir='ltr'><strong>antea,·p.6l,</strong></span> <span class='ocrx_word' id='word_1_76' title='bbox 804 1385 907 1446; x_wconf 86' lang='lat' dir='ltr'><strong>citato</strong></span> <span class='ocrx_word' id='word_1_77' title='bbox 931 1389 1270 1465; x_wconf 72' lang='lat' dir='ltr'><strong>iapestremotrersu</strong></span> 
     </span>
     <span class='ocr_line' id='line_1_13' title="bbox 234 1466 1270 1550; baseline -0.006 -16"><span class='ocrx_word' id='word_1_78' title='bbox 234 1466 538 1550; x_wconf 71' lang='lat' dir='ltr'><strong>offendit-,quippe</strong></span> <span class='ocrx_word' id='word_1_79' title='bbox 555 1470 613 1550; x_wconf 84' lang='lat' dir='ltr'><strong>qui</strong></span> <span class='ocrx_word' id='word_1_80' title='bbox 635 1469 830 1529; x_wconf 83' lang='lat' dir='ltr'><strong>sententiam</strong></span> <span class='ocrx_word' id='word_1_81' title='bbox 851 1471 1023 1532; x_wconf 82' lang='lat' dir='ltr'><strong>contineat</strong></span> <span class='ocrx_word' id='word_1_82' title='bbox 1044 1470 1180 1532; x_wconf 80' lang='lat' dir='ltr'><strong>nrioime</strong></span> <span class='ocrx_word' id='word_1_83' title='bbox 1201 1467 1270 1529; x_wconf 81' lang='lat' dir='ltr'><strong>hnc</strong></span> 
     </span>
     <span class='ocr_line' id='line_1_14' title="bbox 236 1552 1269 1636; baseline -0.002 -22"><span class='ocrx_word' id='word_1_84' title='bbox 236 1557 458 1634; x_wconf 84' lang='lat' dir='ltr'><strong>pertinentem</strong></span> <span class='ocrx_word' id='word_1_85' title='bbox 480 1573 541 1614; x_wconf 90' lang='lat' dir='ltr'><strong>nee</strong></span> <span class='ocrx_word' id='word_1_86' title='bbox 558 1552 776 1616; x_wconf 68' lang='lat' dir='ltr'><strong>alloninculo</strong></span> <span class='ocrx_word' id='word_1_87' title='bbox 796 1554 1008 1616; x_wconf 67' lang='lat' dir='ltr'><strong>montineatur</strong></span> <span class='ocrx_word' id='word_1_88' title='bbox 1020 1573 1096 1620; x_wconf 79' lang='lat' dir='ltr'><strong>cem</strong></span> <span class='ocrx_word' id='word_1_89' title='bbox 1117 1553 1269 1636; x_wconf 83' lang='lat' dir='ltr'><strong>superio-</strong></span> 
     </span>
     <span class='ocr_line' id='line_1_15' title="bbox 235 1637 1269 1721; baseline 0.002 -25"><span class='ocrx_word' id='word_1_90' title='bbox 235 1639 327 1700; x_wconf 88' lang='lat' dir='ltr'><strong>ribus</strong></span> <span class='ocrx_word' id='word_1_91' title='bbox 348 1639 469 1702; x_wconf 88' lang='lat' dir='ltr'><strong>verbis.</strong></span> <span class='ocrx_word' id='word_1_92' title='bbox 522 1637 631 1717; x_wconf 71' lang='lat' dir='ltr'><strong>Quare</strong></span> <span class='ocrx_word' id='word_1_93' title='bbox 653 1656 726 1701; x_wconf 90' lang='lat' dir='ltr'><strong>eum</strong></span> <span class='ocrx_word' id='word_1_94' title='bbox 750 1645 807 1697; x_wconf 93' lang='lat' dir='ltr'><strong>aut</strong></span> <span class='ocrx_word' id='word_1_95' title='bbox 828 1639 869 1698; x_wconf 88' lang='lat' dir='ltr'><strong>ab</strong></span> <span class='ocrx_word' id='word_1_96' title='bbox 891 1641 1074 1721; x_wconf 81' lang='lat' dir='ltr'>interprete</span> <span class='ocrx_word' id='word_1_97' title='bbox 1095 1639 1208 1720; x_wconf 87' lang='lat' dir='ltr'><strong>aliquo</strong></span> <span class='ocrx_word' id='word_1_98' title='bbox 1230 1637 1269 1698; x_wconf 88' lang='lat' dir='ltr'><strong>in</strong></span> 
     </span>
     <span class='ocr_line' id='line_1_16' title="bbox 234 1721 1269 1808; baseline 0 -26"><span class='ocrx_word' id='word_1_99' title='bbox 234 1725 384 1808; x_wconf 81' lang='lat' dir='ltr'><strong>margine</strong></span> <span class='ocrx_word' id='word_1_100' title='bbox 401 1721 603 1804; x_wconf 85' lang='lat' dir='ltr'><strong>adscriptum</strong></span> <span class='ocrx_word' id='word_1_101' title='bbox 621 1731 744 1784; x_wconf 86' lang='lat' dir='ltr'><strong>temere</strong></span> <span class='ocrx_word' id='word_1_102' title='bbox 762 1723 796 1782; x_wconf 90' lang='lat' dir='ltr'><strong>in</strong></span> <span class='ocrx_word' id='word_1_103' title='bbox 810 1723 985 1785; x_wconf 82' lang='lat' dir='ltr'><strong>verborum</strong></span> <span class='ocrx_word' id='word_1_104' title='bbox 1004 1723 1269 1804; x_wconf 82' lang='lat' dir='ltr'><strong>complexionem</strong></span> 
     </span>
     <span class='ocr_line' id='line_1_17' title="bbox 235 1804 1269 1890; baseline -0.004 -20"><span class='ocrx_word' id='word_1_105' title='bbox 235 1809 366 1870; x_wconf 87' lang='lat' dir='ltr'><strong>illatum</strong></span> <span class='ocrx_word' id='word_1_106' title='bbox 385 1817 514 1884; x_wconf 85' lang='lat' dir='ltr'><strong>censet,</strong></span> <span class='ocrx_word' id='word_1_107' title='bbox 536 1815 593 1873; x_wconf 88' lang='lat' dir='ltr'><strong>aut</strong></span> <span class='ocrx_word' id='word_1_108' title='bbox 614 1807 698 1870; x_wconf 86' lang='lat' dir='ltr'><strong>falso</strong></span> <span class='ocrx_word' id='word_1_109' title='bbox 717 1804 824 1868; x_wconf 89' lang='lat' dir='ltr'><strong>credit</strong></span> <span class='ocrx_word' id='word_1_110' title='bbox 844 1807 920 1869; x_wconf 88' lang='lat' dir='ltr'><strong>loco</strong></span> <span class='ocrx_word' id='word_1_111' title='bbox 938 1810 1086 1890; x_wconf 85' lang='lat' dir='ltr'><strong>positum</strong></span> <span class='ocrx_word' id='word_1_112' title='bbox 1108 1821 1187 1887; x_wconf 88' lang='lat' dir='ltr'><strong>esse,</strong></span> <span class='ocrx_word' id='word_1_113' title='bbox 1199 1813 1269 1868; x_wconf 77' lang='lat' dir='ltr'><strong>..aut</strong></span> 
     </span>
     <span class='ocr_line' id='line_1_18' title="bbox 236 1889 1268 1974; baseline 0 -22"><span class='ocrx_word' id='word_1_114' title='bbox 236 1893 379 1974; x_wconf 88' lang='lat' dir='ltr'><strong>denique</strong></span> <span class='ocrx_word' id='word_1_115' title='bbox 400 1895 560 1972; x_wconf 82' lang='lat' dir='ltr'><strong>conjicit,</strong></span> <span class='ocrx_word' id='word_1_116' title='bbox 601 1890 730 1974; x_wconf 84' lang='lat' dir='ltr'><strong>aliquid</strong></span> <span class='ocrx_word' id='word_1_117' title='bbox 750 1899 827 1952; x_wconf 87' lang='lat' dir='ltr'><strong>ante</strong></span> <span class='ocrx_word' id='word_1_118' title='bbox 844 1893 955 1974; x_wconf 81' lang='lat' dir='ltr'><strong>ipsum</strong></span> <span class='ocrx_word' id='word_1_119' title='bbox 980 1889 1157 1968; x_wconf 80' lang='lat' dir='ltr'><strong>excidisse,</strong></span> <span class='ocrx_word' id='word_1_120' title='bbox 1200 1910 1268 1972; x_wconf 86' lang='lat' dir='ltr'><strong>quo</strong></span> 
     </span>
     <span class='ocr_line' id='line_1_19' title="bbox 235 1975 1269 2058; baseline -0.002 -20"><span class='ocrx_word' id='word_1_121' title='bbox 235 1985 311 2056; x_wconf 83' lang='lat' dir='ltr'><strong>apte</strong></span> <span class='ocrx_word' id='word_1_122' title='bbox 339 1996 412 2037; x_wconf 88' lang='lat' dir='ltr'><strong>cum</strong></span> <span class='ocrx_word' id='word_1_123' title='bbox 442 1977 669 2058; x_wconf 83' lang='lat' dir='ltr'><strong>superioribus</strong></span> <span class='ocrx_word' id='word_1_124' title='bbox 696 1975 808 2038; x_wconf 81' lang='lat' dir='ltr'><strong>verbis</strong></span> <span class='ocrx_word' id='word_1_125' title='bbox 841 1978 1034 2055; x_wconf 79' lang='lat' dir='ltr'><strong>conjunctus</strong></span> <span class='ocrx_word' id='word_1_126' title='bbox 1066 1978 1201 2050; x_wconf 81' lang='lat' dir='ltr'><strong>fuerit3·</strong></span> <span class='ocrx_word' id='word_1_127' title='bbox 1236 1976 1269 2036; x_wconf 84' lang='lat' dir='ltr'><strong>si</strong></span> 
     </span>
     <span class='ocr_line' id='line_1_20' title="bbox 230 2061 1266 2142; baseline 0.001 -22"><span class='ocrx_word' id='word_1_128' title='bbox 230 2062 496 2142; x_wconf 49' lang='lat' dir='ltr'><strong>¹transponendus</strong></span> <span class='ocrx_word' id='word_1_129' title='bbox 526 2063 571 2124; x_wconf 90' lang='lat' dir='ltr'><strong>sit</strong></span> <span class='ocrx_word' id='word_1_130' title='bbox 590 2081 722 2136; x_wconf 85' lang='lat' dir='ltr'><strong>versus,</strong></span> <span class='ocrx_word' id='word_1_131' title='bbox 755 2061 961 2140; x_wconf 78' lang='lat' dir='ltr'><strong>aptissimum</strong></span> <span class='ocrx_word' id='word_1_132' title='bbox 993 2063 1161 2123; x_wconf 81' lang='lat' dir='ltr'><strong>eilocum</strong></span> <span class='ocrx_word' id='word_1_133' title='bbox 1192 2063 1266 2121; x_wconf 84' lang='lat' dir='ltr'><strong>lore</strong></span> 
     </span>
     <span class='ocr_line' id='line_1_21' title="bbox 235 2144 1266 2231; baseline -0.003 -24"><span class='ocrx_word' id='word_1_134' title='bbox 235 2147 347 2218; x_wconf 80' lang='lat' dir='ltr'><strong>statim</strong></span> <span class='ocrx_word' id='word_1_135' title='bbox 368 2155 444 2231; x_wconf 86' lang='lat' dir='ltr'><strong>post</strong></span> <span class='ocrx_word' id='word_1_136' title='bbox 460 2145 518 2206; x_wconf 87' lang='lat' dir='ltr'><strong>Vs.</strong></span> <span class='ocrx_word' id='word_1_137' title='bbox 533 2148 606 2209; x_wconf 71' lang='grc'><strong>269.</strong></span> <span class='ocrx_word' id='word_1_138' title='bbox 632 2144 822 2204; x_wconf 57' lang='lat' dir='ltr'><strong>,Assentior</strong></span> <span class='ocrx_word' id='word_1_139' title='bbox 841 2147 915 2206; x_wconf 84' lang='lat' dir='ltr'><strong>viro</strong></span> <span class='ocrx_word' id='word_1_140' title='bbox 938 2147 1141 2222; x_wconf 81' lang='lat' dir='ltr'><strong>clarissimo,</strong></span> <span class='ocrx_word' id='word_1_141' title='bbox 1163 2153 1201 2206; x_wconf 81' lang='lat' dir='ltr'><strong>et</strong></span> <span class='ocrx_word' id='word_1_142' title='bbox 1216 2144 1266 2204; x_wconf 87' lang='lat' dir='ltr'><strong>ita</strong></span> 
     </span>
     <span class='ocr_line' id='line_1_22' title="bbox 234 2224 1267 2312; baseline 0 -22"><span class='ocrx_word' id='word_1_143' title='bbox 234 2227 385 2312; x_wconf 81' lang='lat' dir='ltr'><strong>quidem,</strong></span> <span class='ocrx_word' id='word_1_144' title='bbox 407 2239 445 2292; x_wconf 90' lang='lat' dir='ltr'><strong>ut</strong></span> <span class='ocrx_word' id='word_1_145' title='bbox 466 2228 523 2306; x_wconf 83' lang='lat' dir='ltr'><strong>td,</strong></span> <span class='ocrx_word' id='word_1_146' title='bbox 544 2224 635 2312; x_wconf 86' lang='lat' dir='ltr'><strong>quod</strong></span> <span class='ocrx_word' id='word_1_147' title='bbox 654 2229 767 2310; x_wconf 89' lang='lat' dir='ltr'><strong>primo</strong></span> <span class='ocrx_word' id='word_1_148' title='bbox 786 2228 860 2289; x_wconf 90' lang='lat' dir='ltr'><strong>loco</strong></span> <span class='ocrx_word' id='word_1_149' title='bbox 882 2233 1010 2311; x_wconf 79' lang='lat' dir='ltr'><strong>posuit,</strong></span> <span class='ocrx_word' id='word_1_150' title='bbox 1030 2231 1131 2293; x_wconf 78' lang='lat' dir='ltr'><strong>unice</strong></span> <span class='ocrx_word' id='word_1_151' title='bbox 1151 2247 1267 2294; x_wconf 77' lang='lat' dir='ltr'><strong>verum</strong></span> 
     </span>
     <span class='ocr_line' id='line_1_23' title="bbox 235 2313 1268 2400; baseline -0.002 -23"><span class='ocrx_word' id='word_1_152' title='bbox 235 2335 305 2377; x_wconf 84' lang='lat' dir='ltr'><strong>esse</strong></span> <span class='ocrx_word' id='word_1_153' title='bbox 326 2314 541 2380; x_wconf 69' lang='lat' dir='ltr'><strong>contendam„</strong></span> <span class='ocrx_word' id='word_1_154' title='bbox 597 2313 792 2390; x_wconf 76' lang='lat' dir='ltr'><strong>Librarius,</strong></span> <span class='ocrx_word' id='word_1_155' title='bbox 824 2315 882 2395; x_wconf 89' lang='lat' dir='ltr'><strong>qui</strong></span> <span class='ocrx_word' id='word_1_156' title='bbox 905 2335 1044 2377; x_wconf 79' lang='lat' dir='ltr'><strong>versum</strong></span> <span class='ocrx_word' id='word_1_157' title='bbox 1059 2317 1094 2375; x_wconf 90' lang='lat' dir='ltr'><strong>in</strong></span> <span class='ocrx_word' id='word_1_158' title='bbox 1116 2315 1268 2400; x_wconf 69' lang='lat' dir='ltr'><strong>margine</strong></span> 
     </span>
     <span class='ocr_line' id='line_1_24' title="bbox 233 2398 1267 2482; baseline 0 -20"><span class='ocrx_word' id='word_1_159' title='bbox 233 2401 322 2462; x_wconf 79' lang='lat' dir='ltr'><strong>libri</strong></span> <span class='ocrx_word' id='word_1_160' title='bbox 338 2405 390 2463; x_wconf 86' lang='lat' dir='ltr'><strong>sni</strong></span> <span class='ocrx_word' id='word_1_161' title='bbox 412 2399 604 2482; x_wconf 76' lang='lat' dir='ltr'><strong>adscripsit,</strong></span> <span class='ocrx_word' id='word_1_162' title='bbox 627 2398 754 2472; x_wconf 89' lang='lat' dir='ltr'><strong>verbis,</strong></span> <span class='ocrx_word' id='word_1_163' title='bbox 778 2408 958 2479; x_wconf 75' lang='lat' dir='ltr'><strong>quaesunt</strong></span> <span class='ocrx_word' id='word_1_164' title='bbox 976 2400 1048 2460; x_wconf 76' lang='lat' dir='ltr'><strong>Vas.</strong></span> <span class='ocrx_word' id='word_1_165' title='bbox 1064 2401 1130 2464; x_wconf 76' lang='lat' dir='ltr'><strong>att</strong></span> <span class='ocrx_word' id='word_1_166' title='bbox 1141 2408 1175 2460; x_wconf 92' lang='lat' dir='ltr'><strong>et</strong></span> <span class='ocrx_word' id='word_1_167' title='bbox 1192 2401 1267 2474; x_wconf 54' lang='lat'><strong>235,</strong></span> 
     </span>
     <span class='ocr_line' id='line_1_25' title="bbox 234 2483 1267 2568; baseline -0.004 -20"><span class='ocrx_word' id='word_1_168' title='bbox 234 2506 305 2548; x_wconf 92' lang='lat' dir='ltr'><strong>eam</strong></span> <span class='ocrx_word' id='word_1_169' title='bbox 334 2488 463 2548; x_wconf 81' lang='lat' dir='ltr'><strong>subesse</strong></span> <span class='ocrx_word' id='word_1_170' title='bbox 486 2486 721 2568; x_wconf 73' lang='lat' dir='ltr'><strong>cogitationem</strong></span> <span class='ocrx_word' id='word_1_171' title='bbox 743 2483 919 2558; x_wconf 75' lang='lat' dir='ltr'><strong>censebat,</strong></span> <span class='ocrx_word' id='word_1_172' title='bbox 958 2487 1169 2566; x_wconf 74' lang='lat' dir='ltr'><strong>quam-terri</strong></span> <span class='ocrx_word' id='word_1_173' title='bbox 1198 2501 1267 2544; x_wconf 86' lang='lat' dir='ltr'><strong>non</strong></span> 
     </span>
     <span class='ocr_line' id='line_1_26' title="bbox 232 2565 1267 2654; baseline -0.003 -22"><span class='ocrx_word' id='word_1_174' title='bbox 232 2591 327 2652; x_wconf 88' lang='lat' dir='ltr'><strong>posse</strong></span> <span class='ocrx_word' id='word_1_175' title='bbox 345 2575 380 2632; x_wconf 92' lang='lat' dir='ltr'><strong>in</strong></span> <span class='ocrx_word' id='word_1_176' title='bbox 399 2573 514 2634; x_wconf 89' lang='lat' dir='ltr'><strong>limine</strong></span> <span class='ocrx_word' id='word_1_177' title='bbox 534 2569 627 2647; x_wconf 88' lang='lat' dir='ltr'><strong>hujus</strong></span> <span class='ocrx_word' id='word_1_178' title='bbox 646 2565 870 2630; x_wconf 74' lang='lat' dir='ltr'><strong>adnotationis</strong></span> <span class='ocrx_word' id='word_1_179' title='bbox 887 2570 1153 2654; x_wconf 84' lang='lat' dir='ltr'><strong>s1gmficavimus.</strong></span> <span class='ocrx_word' id='word_1_180' title='bbox 1180 2568 1267 2632; x_wconf 87' lang='lat' dir='ltr'><strong>Ver-</strong></span> 
     </span>
     <span class='ocr_line' id='line_1_27' title="bbox 231 2653 1268 2736; baseline -0.002 -20"><span class='ocrx_word' id='word_1_181' title='bbox 231 2676 286 2716; x_wconf 86' lang='lat' dir='ltr'><strong>sus</strong></span> <span class='ocrx_word' id='word_1_182' title='bbox 308 2659 362 2716; x_wconf 86' lang='lat' dir='ltr'><strong>illi</strong></span> <span class='ocrx_word' id='word_1_183' title='bbox 384 2676 451 2717; x_wconf 89' lang='lat' dir='ltr'><strong>non</strong></span> <span class='ocrx_word' id='word_1_184' title='bbox 467 2673 588 2714; x_wconf 89' lang='lat' dir='ltr'><strong>novam</strong></span> <span class='ocrx_word' id='word_1_185' title='bbox 602 2653 773 2712; x_wconf 87' lang='lat' dir='ltr'><strong>continent</strong></span> <span class='ocrx_word' id='word_1_186' title='bbox 792 2653 967 2728; x_wconf 88' lang='lat' dir='ltr'><strong>rationem,</strong></span> <span class='ocrx_word' id='word_1_187' title='bbox 990 2656 1048 2736; x_wconf 89' lang='lat' dir='ltr'><strong>qui</strong></span> <span class='ocrx_word' id='word_1_188' title='bbox 1061 2653 1190 2714; x_wconf 87' lang='lat' dir='ltr'><strong>Orestes</strong></span> <span class='ocrx_word' id='word_1_189' title='bbox 1206 2673 1268 2736; x_wconf 92' lang='lat' dir='ltr'><strong>pu·</strong></span> 
     </span>
     <span class='ocr_line' id='line_1_28' title="bbox 232 2735 1267 2820; baseline -0.002 -18"><span class='ocrx_word' id='word_1_190' title='bbox 232 2761 290 2803; x_wconf 89' lang='lat' dir='ltr'><strong>rus</strong></span> <span class='ocrx_word' id='word_1_191' title='bbox 301 2743 453 2817; x_wconf 84' lang='lat' dir='ltr'><strong>evaserit,</strong></span> <span class='ocrx_word' id='word_1_192' title='bbox 469 2736 526 2800; x_wconf 88' lang='lat' dir='ltr'><strong>sed</strong></span> <span class='ocrx_word' id='word_1_193' title='bbox 537 2737 697 2820; x_wconf 80' lang='lat' dir='ltr'><strong>probatur</strong></span> <span class='ocrx_word' id='word_1_194' title='bbox 709 2737 763 2812; x_wconf 90' lang='lat' dir='ltr'><strong>iis,</strong></span> <span class='ocrx_word' id='word_1_195' title='bbox 781 2735 992 2800; x_wconf 86' lang='lat' dir='ltr'><strong>huneravera</strong></span> <span class='ocrx_word' id='word_1_196' title='bbox 1003 2757 1122 2820; x_wconf 87' lang='lat' dir='ltr'><strong>purum</strong></span> <span class='ocrx_word' id='word_1_197' title='bbox 1133 2757 1211 2800; x_wconf 89' lang='lat' dir='ltr'><strong>esse.</strong></span> <span class='ocrx_word' id='word_1_198' title='bbox 1222 2767 1267 2782; x_wconf 88' lang='lat'><em>-</em></span> 
     </span>
    </p>
   </div>
   <div class='ocr_carea' id='block_1_5' title="bbox 575 2889 917 2965">
    <p class='ocr_par' dir='ltr' id='par_1_5' title="bbox 575 2889 917 2965">
     <span class='ocr_line' id='line_1_29' title="bbox 575 2889 917 2965; baseline 0.003 -1"><span class='ocrx_word' id='word_1_199' title='bbox 575 2895 643 2964; x_wconf 89' lang='lat' dir='ltr'><strong>Vs.</strong></span> <span class='ocrx_word' id='word_1_200' title='bbox 671 2889 917 2965; x_wconf 36' lang='lat' dir='ltr'><strong>aatffauo.</strong></span> 
     </span>
    </p>
   </div>
   <div class='ocr_carea' id='block_1_6' title="bbox 229 2993 1268 4191">
    <p class='ocr_par' dir='ltr' id='par_1_6' title="bbox 360 2993 1069 3252">
     <span class='ocr_line' id='line_1_30' title="bbox 403 2993 921 3080; baseline -0.006 -19"><span class='ocrx_word' id='word_1_201' title='bbox 403 3031 446 3046; x_wconf 83' lang='lat'><strong>--</strong></span> <span class='ocrx_word' id='word_1_202' title='bbox 467 2993 543 3061; x_wconf 82' lang='grc' dir='ltr'><strong><em>ἆλλύ</em></strong></span> <span class='ocrx_word' id='word_1_203' title='bbox 564 3021 610 3060; x_wconf 88' lang='grc' dir='ltr'><strong>νιν</strong></span> <span class='ocrx_word' id='word_1_204' title='bbox 632 2993 847 3080; x_wconf 76' lang='grc' dir='ltr'><strong><em>κελαινόφρων</em></strong></span> <span class='ocrx_word' id='word_1_205' title='bbox 865 2994 921 3078; x_wconf 74' lang='grc' dir='ltr'><strong>ἐμῆ</strong></span> 
     </span>
     <span class='ocr_line' id='line_1_31' title="bbox 360 3079 1024 3166; baseline -0.005 -20"><span class='ocrx_word' id='word_1_206' title='bbox 360 3081 460 3164; x_wconf 77' lang='grc' dir='ltr'><strong><em>μήτηρ</em></strong></span> <span class='ocrx_word' id='word_1_207' title='bbox 482 3080 630 3166; x_wconf 72' lang='grc' dir='ltr'><strong><em>κατέκτα,</em></strong></span> <span class='ocrx_word' id='word_1_208' title='bbox 660 3082 813 3154; x_wconf 75' lang='grc' dir='ltr'><strong><em>ποικίλοις</em></strong></span> <span class='ocrx_word' id='word_1_209' title='bbox 836 3079 1024 3164; x_wconf 71' lang='grc' dir='ltr'><strong><em>ἀγρεύμασιν</em></strong></span> 
     </span>
     <span class='ocr_line' id='line_1_32' title="bbox 361 3161 1069 3252; baseline -0.006 -20"><span class='ocrx_word' id='word_1_210' title='bbox 361 3167 530 3252; x_wconf 77' lang='grc' dir='ltr'><strong><em>κρύψασα·</em></strong></span> <span class='ocrx_word' id='word_1_211' title='bbox 561 3161 697 3248; x_wconf 82' lang='grc' dir='ltr'><strong><em>λουτρούν</em></strong></span> <span class='ocrx_word' id='word_1_212' title='bbox 719 3166 914 3250; x_wconf 75' lang='grc' dir='ltr'><strong><em>ἐξεμαρτύρει</em></strong></span> <span class='ocrx_word' id='word_1_213' title='bbox 936 3165 1043 3248; x_wconf 80' lang='grc' dir='ltr'><strong><em>φόνον.</em></strong></span> <span class='ocrx_word' id='word_1_214' title='bbox 1066 3192 1069 3203; x_wconf 74' lang='grc'><strong>“</strong></span> 
     </span>
    </p>

    <p class='ocr_par' dir='ltr' id='par_1_7' title="bbox 229 3250 1268 4191">
     <span class='ocr_line' id='line_1_33' title="bbox 283 3250 1266 3338; baseline -0.002 -22"><span class='ocrx_word' id='word_1_215' title='bbox 283 3254 394 3318; x_wconf 87' lang='lat' dir='ltr'><strong>Versu</strong></span> <span class='ocrx_word' id='word_1_216' title='bbox 414 3263 582 3338; x_wconf 85' lang='lat' dir='ltr'><strong>postremo</strong></span> <span class='ocrx_word' id='word_1_217' title='bbox 604 3252 685 3313; x_wconf 89' lang='lat' dir='ltr'><strong>libri</strong></span> <span class='ocrx_word' id='word_1_218' title='bbox 708 3271 803 3315; x_wconf 88' lang='lat' dir='ltr'><strong>mser.</strong></span> <span class='ocrx_word' id='word_1_219' title='bbox 818 3255 963 3334; x_wconf 76' lang='grc' dir='ltr'><strong><em>λουτρῶν</em></strong></span> <span class='ocrx_word' id='word_1_220' title='bbox 986 3251 1153 3334; x_wconf 82' lang='lat' dir='ltr'><strong>praebent,</strong></span> <span class='ocrx_word' id='word_1_221' title='bbox 1175 3250 1266 3334; x_wconf 85' lang='lat' dir='ltr'><strong>quod</strong></span> 
     </span>
     <span class='ocr_line' id='line_1_34' title="bbox 232 3337 1265 3418; baseline -0.002 -16"><span class='ocrx_word' id='word_1_222' title='bbox 232 3341 332 3402; x_wconf 89' lang='lat' dir='ltr'><strong>etiam</strong></span> <span class='ocrx_word' id='word_1_223' title='bbox 364 3341 556 3402; x_wconf 85' lang='lat' dir='ltr'><strong>scholiastes</strong></span> <span class='ocrx_word' id='word_1_224' title='bbox 584 3355 667 3418; x_wconf 84' lang='lat' dir='ltr'><strong>prae</strong></span> <span class='ocrx_word' id='word_1_225' title='bbox 700 3337 819 3399; x_wconf 48' lang='lat' dir='ltr'><strong>oculis¹</strong></span> <span class='ocrx_word' id='word_1_226' title='bbox 838 3337 976 3412; x_wconf 86' lang='lat' dir='ltr'><strong>habuit,</strong></span> <span class='ocrx_word' id='word_1_227' title='bbox 1018 3339 1066 3398; x_wconf 88' lang='lat' dir='ltr'><strong>sie</strong></span> <span class='ocrx_word' id='word_1_228' title='bbox 1097 3337 1265 3400; x_wconf 76' lang='lat' dir='ltr'><strong>scribens:</strong></span> 
     </span>
     <span class='ocr_line' id='line_1_35' title="bbox 232 3417 1267 3506; baseline -0.002 -20"><span class='ocrx_word' id='word_1_229' title='bbox 232 3426 366 3506; x_wconf 74' lang='grc' dir='ltr'><strong><em>λουτρῶν</em></strong></span> <span class='ocrx_word' id='word_1_230' title='bbox 394 3421 600 3504; x_wconf 73' lang='grc' dir='ltr'><strong><em>ἐξεμαρτύρει)</em></strong></span> <span class='ocrx_word' id='word_1_231' title='bbox 630 3417 772 3503; x_wconf 77' lang='grc' dir='ltr'><strong><em>ἐκήρυττε</em></strong></span> <span class='ocrx_word' id='word_1_232' title='bbox 792 3417 846 3483; x_wconf 87' lang='grc' dir='ltr'><strong>τύν</strong></span> <span class='ocrx_word' id='word_1_233' title='bbox 867 3418 918 3483; x_wconf 75' lang='grc' dir='ltr'><strong>διὰ</strong></span> <span class='ocrx_word' id='word_1_234' title='bbox 939 3425 994 3496; x_wconf 79' lang='grc' dir='ltr'><strong>τῆς</strong></span> <span class='ocrx_word' id='word_1_235' title='bbox 1012 3417 1183 3506; x_wconf 70' lang='grc' dir='ltr'><strong>Ιιε’τιιχύσεως</strong></span> <span class='ocrx_word' id='word_1_236' title='bbox 1204 3425 1267 3484; x_wconf 75' lang='grc' dir='ltr'><strong><em>ταῖν</em></strong></span> 
     </span>
     <span class='ocr_line' id='line_1_36' title="bbox 230 3502 1267 3590; baseline -0.002 -19"><span class='ocrx_word' id='word_1_237' title='bbox 230 3511 366 3589; x_wconf 79' lang='grc' dir='ltr'><strong><em>λουτρῶν</em></strong></span> <span class='ocrx_word' id='word_1_238' title='bbox 386 3508 543 3590; x_wconf 74' lang='grc' dir='ltr'><strong><em>γενόμενον</em></strong></span> <span class='ocrx_word' id='word_1_239' title='bbox 565 3505 644 3584; x_wconf 70' lang='grc' dir='ltr'><strong><em>αὐτῷ</em></strong></span> <span class='ocrx_word' id='word_1_240' title='bbox 665 3502 771 3586; x_wconf 81' lang='grc' dir='ltr'><strong><em>φόνον.</em></strong></span> <span class='ocrx_word' id='word_1_241' title='bbox 820 3506 952 3587; x_wconf 67' lang='grc' dir='ltr'><strong><em>Λέγεται</em></strong></span> <span class='ocrx_word' id='word_1_242' title='bbox 971 3503 1126 3588; x_wconf 62' lang='lat' dir='ltr'><strong>poppaeo}</strong></span> <span class='ocrx_word' id='word_1_243' title='bbox 1147 3503 1181 3569; x_wconf 80' lang='grc' dir='ltr'><strong>τὰ</strong></span> <span class='ocrx_word' id='word_1_244' title='bbox 1205 3531 1267 3587; x_wconf 82' lang='lat' dir='ltr'><strong>‹po-</strong></span> 
     </span>
     <span class='ocr_line' id='line_1_37' title="bbox 229 3589 1265 3676; baseline -0.004 -19"><span class='ocrx_word' id='word_1_245' title='bbox 229 3597 336 3657; x_wconf 82' lang='grc' dir='ltr'><strong><em>νεῦσαι</em></strong></span> <span class='ocrx_word' id='word_1_246' title='bbox 363 3592 474 3676; x_wconf 73' lang='grc' dir='ltr'><strong><em>ρυμνόν</em></strong></span> <span class='ocrx_word' id='word_1_247' title='bbox 501 3593 654 3674; x_wconf 69' lang='grc' dir='ltr'><strong><em>ἕξαγαμοῒν</em></strong></span> <span class='ocrx_word' id='word_1_248' title='bbox 682 3592 737 3651; x_wconf 75' lang='grc' dir='ltr'><strong>καὶ</strong></span> <span class='ocrx_word' id='word_1_249' title='bbox 764 3591 871 3664; x_wconf 73' lang='grc' dir='ltr'><strong><em>δεῖξαι</em></strong></span> <span class='ocrx_word' id='word_1_250' title='bbox 885 3593 1127 3672; x_wconf 65' lang='grc' dir='ltr'><strong><em>τοῖςππολύταισ.</em></strong></span> <span class='ocrx_word' id='word_1_251' title='bbox 1194 3589 1265 3654; x_wconf 82' lang='lat' dir='ltr'><strong>Cfr.</strong></span> 
     </span>
     <span class='ocr_line' id='line_1_38' title="bbox 229 3676 1267 3766; baseline -0.002 -26"><span class='ocrx_word' id='word_1_252' title='bbox 229 3682 343 3766; x_wconf 76' lang='lat' dir='ltr'><strong>Agam.</strong></span> <span class='ocrx_word' id='word_1_253' title='bbox 369 3679 425 3742; x_wconf 89' lang='lat' dir='ltr'><strong>Vs.</strong></span> <span class='ocrx_word' id='word_1_254' title='bbox 443 3679 838 3762; x_wconf 47' lang='lat' dir='ltr'><strong>1345·sqq.‚1praecipue</strong></span> <span class='ocrx_word' id='word_1_255' title='bbox 862 3677 917 3738; x_wconf 86' lang='lat' dir='ltr'><strong>Vs.</strong></span> <span class='ocrx_word' id='word_1_256' title='bbox 934 3681 1105 3759; x_wconf 73' lang='lat' dir='ltr'><strong>teau-sqq.</strong></span> <span class='ocrx_word' id='word_1_257' title='bbox 1150 3676 1267 3758; x_wconf 82' lang='lat' dir='ltr'><strong>Inepte</strong></span> 
     </span>
     <span class='ocr_line' id='line_1_39' title="bbox 231 3759 1267 3848; baseline -0.003 -23"><span class='ocrx_word' id='word_1_258' title='bbox 231 3763 374 3848; x_wconf 87' lang='lat' dir='ltr'><strong>quidem.</strong></span> <span class='ocrx_word' id='word_1_259' title='bbox 418 3763 505 3824; x_wconf 92' lang='lat' dir='ltr'><strong>Illud</strong></span> <span class='ocrx_word' id='word_1_260' title='bbox 525 3773 680 3843; x_wconf 89' lang='lat' dir='ltr'><strong>tanquam</strong></span> <span class='ocrx_word' id='word_1_261' title='bbox 694 3764 787 3823; x_wconf 83' lang='lat' dir='ltr'><strong>varia</strong></span> <span class='ocrx_word' id='word_1_262' title='bbox 809 3763 910 3824; x_wconf 89' lang='lat' dir='ltr'><strong>lectio</strong></span> <span class='ocrx_word' id='word_1_263' title='bbox 931 3765 1069 3823; x_wconf 85' lang='lat' dir='ltr'><strong>affertur</strong></span> <span class='ocrx_word' id='word_1_264' title='bbox 1091 3781 1111 3822; x_wconf 87' lang='lat' dir='ltr'><strong>a</strong></span> <span class='ocrx_word' id='word_1_265' title='bbox 1125 3759 1267 3842; x_wconf 79' lang='lat' dir='ltr'><strong>Stepha-</strong></span> 
     </span>
     <span class='ocr_line' id='line_1_40' title="bbox 230 3844 1268 3932; baseline -0.004 -22"><span class='ocrx_word' id='word_1_266' title='bbox 230 3870 301 3928; x_wconf 89' lang='lat' dir='ltr'><strong>no,</strong></span> <span class='ocrx_word' id='word_1_267' title='bbox 345 3868 442 3932; x_wconf 87' lang='lat' dir='ltr'><strong>quam</strong></span> <span class='ocrx_word' id='word_1_268' title='bbox 471 3849 582 3908; x_wconf 86' lang='lat' dir='ltr'><strong>statim</strong></span> <span class='ocrx_word' id='word_1_269' title='bbox 614 3847 721 3908; x_wconf 88' lang='lat' dir='ltr'><strong>elucet</strong></span> <span class='ocrx_word' id='word_1_270' title='bbox 749 3849 933 3908; x_wconf 84' lang='lat' dir='ltr'><strong>correctori</strong></span> <span class='ocrx_word' id='word_1_271' title='bbox 963 3846 1087 3908; x_wconf 86' lang='lat' dir='ltr'><strong>deberi.</strong></span> <span class='ocrx_word' id='word_1_272' title='bbox 1152 3844 1268 3907; x_wconf 86' lang='lat' dir='ltr'><strong>Verba</strong></span> 
     </span>
     <span class='ocr_line' id='line_1_41' title="bbox 229 3926 1267 4016; baseline -0.004 -20"><span class='ocrx_word' id='word_1_273' title='bbox 229 3932 386 4016; x_wconf 88' lang='lat' dir='ltr'><strong>asyndeta</strong></span> <span class='ocrx_word' id='word_1_274' title='bbox 409 3934 633 4012; x_wconf 82' lang='lat' dir='ltr'><strong>maximopere</strong></span> <span class='ocrx_word' id='word_1_275' title='bbox 655 3927 842 4010; x_wconf 88' lang='lat' dir='ltr'><strong>displicent.</strong></span> <span class='ocrx_word' id='word_1_276' title='bbox 879 3931 992 3992; x_wconf 87' lang='lat' dir='ltr'><strong>Dictio</strong></span> <span class='ocrx_word' id='word_1_277' title='bbox 1011 3931 1147 4014; x_wconf 73' lang='lat' dir='ltr'><strong>lampaia</strong></span> <span class='ocrx_word' id='word_1_278' title='bbox 1169 3926 1267 4010; x_wconf 83' lang='grc' dir='ltr'><strong><em>φόνον</em></strong></span> 
     </span>
     <span class='ocr_line' id='line_1_42' title="bbox 230 4013 1267 4103; baseline -0.005 -25"><span class='ocrx_word' id='word_1_279' title='bbox 230 4020 395 4103; x_wconf 84' lang='lat' dir='ltr'><strong>imprimis</strong></span> <span class='ocrx_word' id='word_1_280' title='bbox 417 4015 668 4080; x_wconf 85' lang='lat' dir='ltr'><strong>commendatur</strong></span> <span class='ocrx_word' id='word_1_281' title='bbox 687 4017 728 4077; x_wconf 88' lang='lat' dir='ltr'><strong>ab</strong></span> <span class='ocrx_word' id='word_1_282' title='bbox 751 4016 842 4078; x_wconf 91' lang='lat' dir='ltr'><strong>hisce</strong></span> <span class='ocrx_word' id='word_1_283' title='bbox 862 4016 1020 4078; x_wconf 88' lang='lat' dir='ltr'><strong>similiter</strong></span> <span class='ocrx_word' id='word_1_284' title='bbox 1041 4016 1167 4078; x_wconf 84' lang='lat' dir='ltr'><strong>dictis:</strong></span> <span class='ocrx_word' id='word_1_285' title='bbox 1209 4013 1267 4092; x_wconf 77' lang='grc' dir='ltr'><strong>με’-</strong></span> 
     </span>
     <span class='ocr_line' id='line_1_43' title="bbox 229 4097 1266 4191; baseline -0.002 -27"><span class='ocrx_word' id='word_1_286' title='bbox 229 4125 328 4182; x_wconf 87' lang='grc' dir='ltr'><strong><em>μνησο</em></strong></span> <span class='ocrx_word' id='word_1_287' title='bbox 357 4105 494 4187; x_wconf 70' lang='grc' dir='ltr'><strong><em>λοντρολν</em></strong></span> <span class='ocrx_word' id='word_1_288' title='bbox 522 4099 583 4177; x_wconf 77' lang='grc' dir='ltr'><strong>οἷς</strong></span> <span class='ocrx_word' id='word_1_289' title='bbox 612 4101 892 4183; x_wconf 72' lang='grc' dir='ltr'><strong><em>ἐνοσφίσθης,</em></strong></span> <span class='ocrx_word' id='word_1_290' title='bbox 937 4097 1085 4184; x_wconf 83' lang='lat' dir='ltr'><strong>Choeph.</strong></span> <span class='ocrx_word' id='word_1_291' title='bbox 1108 4101 1166 4164; x_wconf 88' lang='lat' dir='ltr'><strong>Vs.</strong></span> <span class='ocrx_word' id='word_1_292' title='bbox 1189 4099 1266 4191; x_wconf 72' lang='grc'><strong>484,</strong></span> 
     </span>
    </p>
   </div>
   <div class='ocr_carea' id='block_1_7' title="bbox 0 0 1410 4690">
    <p class='ocr_par' dir='ltr' id='par_1_8' title="bbox 0 0 1410 4690">
     <span class='ocr_line' id='line_1_44' title="bbox 0 0 1410 4690; baseline 0 1"><span class='ocrx_word' id='word_1_293' title='bbox 0 0 1410 4690; x_wconf 95' lang='lat' dir='ltr'><strong> </strong></span> 
     </span>
    </p>
   </div>
  </div>
 </body>
</html>
