2796 4694
899 317 901 322 ’
1004 347 1161 462 'oxum

219 523 423 600 Hactenus
455 523 504 604 de¹
530 517 651 620 specie
669 517 876 614 habituque
903 531 1008 616 atque
1033 537 1162 600 ornatu

134 623 347 721 Furiarum.
400 627 472 698 Per
495 645 534 698 se
557 620 807 720 intelligitur,
824 634 865 694 ut
889 619 1162 720 inrdescriptioe

138 725 248 800 nibus
272 727 394 821 primo
418 729 499 801 loco
524 722 669 821 positis,
696 722 747 796 ita
772 719 860 795 alibi
881 745 978 812 esse,
1003 749 1101 820 quae·
1118 725 1161 800 da

135 827 259 902 Furiis
284 826 528 923 quidemnon
563 821 826 921 praesentibus,
871 824 929 896 vel
957 823 997 896 in
1019 824 1163 900 uniuer-

137 953 234 1020 sum,
260 927 463 1022 praedicari
485 924 680 1024 potuerint,
701 922 788 1020 ipsis
804 947 893 999 vero
916 925 1160 1020 praesentibus

137 1031 238 1106 nullo
264 1029 373 1103 modo
398 1028 510 1103 tribui
527 1026 586 1120 ²⁶).
745 1093 747 1098 .
1146 1069 1147 1076 κ
1197 1095 1200 1101 .

239 1131 356 1222 Quae,
403 1130 434 1204 si
468 1127 581 1204 o'culis
614 1127 773 1202 exhibita
807 1125 980 1218 fuissent,
1021 1130 1182 1224 partim

131 1231 216 1326 'jam
251 1230 318 1322 iis,
367 1255 456 1328 quae
489 1255 584 1304 nunc
616 1230 778 1304 dicemus
813 1227 856 1302 de
887 1227 1046 1322 ratione,
1091 1255 1161 1326 qua

124 1331 279 1410 'chorus
301 1357 340 1406 se
364 1331 514 1431 gesserit
538 1331 576 1404 in
602 1330 724 1406 fabula
748 1329 899 1426 agenda,
941 1331 1160 1406 accensenda

137 1431 269 1506 forent.
321 1435 377 1506 De
401 1433 471 1506 hoc
496 1431 726 1528 disputatoris
764 1430 1069 1524 praemonendum
1096 1449 1161 1523 est,

138 1549 240 1609 certa
264 1532 306 1606 de
329 1533 478 1634 singulis
504 1532 701 1629 quibusque
725 1528 859 1604 indicia
883 1532 922 1606 in
945 1532 1014 1607 hac
1040 1532 1162 1607 fabula
1246 1529 1250 1542 '

136 1659 219 1709 esse
249 1647 326 1708 tam
352 1659 466 1730 pauca
492 1650 595 1730 atque
620 1633 706 1708 adeo
731 1633 849 1723 nulla,
891 1650 931 1724 ut
955 1633 1044 1706 nihil
1070 1634 1160 1724 fere,

137 1735 223 1808 nisi'
238 1735 329 1831 quod
353 1735 615 1809 universalibus
644 1732 857 1830 quibusdam
883 1733 1022 1808 nitatur
1044 1735 1162 1831 conje·
1187 1775 1191 1782 ·

139 1836 274 1927 cturis,
322 1835 447 1910 afferri
478 1836 599 1932 possit.
669 1835 801 1908 Procul
834 1831 940 1908 dubio
978 1835 1088 1910 etiam
1120 1838 1160 1909 in

136 1937 265 2038 agendi
292 1938 430 2012 ratione
465 1937 588 2011 omnia
612 1934 763 2036 grandia
797 1950 899 2008 erant
925 1950 1029 2034 atque
1054 1939 1161 2012 subli-

125 2038 216 2114 mia
237 2063 303 2112 nec
325 2035 518 2135 quidquam
541 2036 855 2134 praetermissum,
883 2039 975 2131 quod
993 2035 1042 2114 ad
1063 2065 1161 2114 com-

138 2139 373 2214 movendam·
401 2138 700 2234 admirationem,
762 2152 946 2232 stuporem
991 2140 1159 2232 dandum,

138 2239 334 2315 horrorem
369 2239 617 2314 incutiendum
654 2238 822 2312 conferre
861 2253 997 2333 posset,
1022 2241 1159 2330 ‚eadem

138 2357 263 2416 tamen
292 2341 480 2437 simplic-ia
513 2355 550 2414 et
576 2341 619 2415 ad
655 2341 751 2437 leges
786 2341 1024 2435 symmetriae
1058 2357 1162 2436 atque

137 2444 384 2542 eurythmiae,
431 2441 557 2538 quibus
599 2467 658 2517 ars
700 2463 832 2540 graeca
873 2439 1161 2539 adstringebatur

138 2541 404 2640 antiquioribus
428 2540 674 2638 temporibus,
713 2554 804 2634 apta.
865 2539 954 2612 lllud
987 2557 1065 2616 tum
1097 2568 1162 2640 per

136 2669 177 2718 se
208 2661 486 2720 consentaneum
524 2659 596 2733 est,
647 2657 725 2714 tum
771 2665 835 2736 per
871 2643 1072 2742 analogiam
1117 2671 1161 2716 ex

140 2771 184 2823 eo
210 2747 334 2846 colligi
360 2761 491 2843 potest,
530 2743 622 2840 quod
644 2741 820 2831 vidimus,
846 2741 1070 2842 Aeschylum
1096 2749 1162 2818 Fu-

140 2849 285 2922 riarum
319 2871 446 2922 somno
482 2859 669 2940 captarum
705 2841 887 2942 mugitum
923 2844 1163 2944 latratumque

138 2952 269 3024 saltem
284 2948 411 3032 ,audiri
436 2947 564 3022 fecisse
589 2945 996 3041 ipsasquevvesanorum
1024 2946 1162 3022 inmo-

241 3151 365 3206 strictam
390 3153 502 3206 habent.
538 3151 611 3208 uutn
640 3152 720 3226 ipsae
744 3146 814 3208 adeo
841 3152 958 3209 disertis
985 3152 1081 3209 verbis
1103 3171 1164 3209 cum

240 3222 421 3276 aenatoribus
449 3234 644 3291 comparantur
667 3223 702 3276 ab
728 3224 871 3295 Aeschylo
891 3224 941 3279 Vs.
959 3225 1021 3288 222,
1042 3225 1093 3280 eir.
1114 3227 1164 3281 Vs.

241 3293 306 3358 404,
342 3307 414 3358 quae
437 3290 509 3345 ratio
534 3291 640 3358 abiis,
675 3291 722 3360 qui
742 3292 925 3361 vasaliglina
947 3292 1100 3364 pinxerunt
1118 3295 1162 3350 vel

240 3377 329 3430 opera
347 3359 455 3412 caelata
481 3363 679 3430 coniecerunt,
717 3363 896 3431 utplurimum
925 3363 965 3417 ita
990 3378 1102 3432 receptu
1121 3375 1166 3418 est

243 3441 327 3496 atque
346 3442 496 3494 exornata,
516 3441 546 3483 ut-
566 3437 636 3484 totas'
655 3442 782 3498 tanquam
801 3435 937 3502 nymphas
957 3433 1098 3488 venaticas
1118 3451 1164 3487 rc·

99 3505 102 3515 ’
190 3562 195 3572 ,
240 3497 500 3570 praesentaverint,
520 3497 576 3552 vid.
594 3499 919 3555 Raoul·Rochette
936 3502 956 3556 l.
975 3520 998 3555 c.
1019 3521 1047 3574 p.
1068 3506 1116 3558 145
1135 3515 1164 3558 et

238 3583 309 3635 quos
326 3567 427 3640 citavit
443 3568 506 3622 adn.
524 3569 551 3622 3.

160 3665 207 3730 25)
242 3662 319 3716 Dico
338 3662 499 3731 sauguinem
518 3674 546 3717 et
569 3661 709 3730 liquorem
733 3661 859 3718 odiosum
880 3669 917 3718 ex
940 3665 1032 3719 oculis
1050 3665 1163 3720 stillan·
1230 3657 1233 3664 ⁴

240 3741 309 3796 tem,
328 3731 444 3785 halitum
464 3733 647 3799 sanguineum
664 3731 841 3802 igneumque,
860 3734 984 3802 denique
996 3763 1028 3776 ·-
1040 3733 1075 3789 id·
1088 3735 1163 3802 quod

239 3817 313 3854 nunc
331 3799 403 3856 addo
421 3803 542 3856 nondum
565 3813 805 3856 commemoratum
825 3835 858 3843 -
876 3804 1021 3873 sanguinis
1041 3817 1163 3874 grumos,

136 3871 139 3879 ⁴
238 3885 310 3937 quos
334 3885 402 3939 prae
423 3870 623 3937 dolore‚'vel
652 3873 935 3940 venenosasstillas,
970 3889 1040 3942 qtras
1066 3875 1164 3926 lurore

239 3949 405 4008 correptae,
423 3939 497 3994 haud
516 3957 598 3994 secus
615 3950 700 4008 atque
719 3957 801 3997 canes
820 3942 936 3997 rabidae
954 3945 999 3996 vel
1018 3943 1163 3996 dracones.

188 4054 197 4071 ,
238 4011 530 4134 νοηιετξωῐτεςὶωιωῐ
555 4011 608 4068 Vs.
626 4013 676 4065 175
702 4022 732 4065 et
751 4011 802 4068 vs.
820 4015 891 4081 456,
919 4015 983 4078 70⁰,
1012 4013 1062 4068 utu
1087 4011 1162 4076 (779)

237 4091 316 4144 sqq„
387 4115 394 4130 ·
