2770 4690
1032 324 1149 399 XXXI

135 519 197 591 per
219 491 312 570 hanc
338 517 504 587 scenam,
548 508 627 569 tum
652 519 718 591 par
742 519 844 586 eam,
888 520 977 592 quae
1002 494 1150 576 subinde

133 594 307 691 sequntur,
345 595 541 670 Furiarum
565 595 661 668 intus
686 593 945 670 dormientium
966 612 1148 698 spectacu-

131 697 206 770 lum
233 697 347 772 oculis
378 696 579 770 exhibitum
608 696 728 770 fnisse.
788 694 889 794 Quod
914 695 976 792 qui
1008 697 1148 774 factum

129 821 204 871 esse
239 797 395 894 potuerit
428 822 540 893 quum
572 798 694 871 varias
728 797 883 884 rationes
926 797 1147 898 excogitave-

128 893 281 992 rint²⁷)‚
328 922 395 972 nec
428 898 618 972 tamenin
643 897 767 973 verbis
798 910 922 996 poetae
954 897 1148 996 quidquam

226 1097 284 1148 Kal
300 1089 411 1159 δευτέρα
428 1088 456 1146 di
474 1093 575 1161 plassea
591 1093 731 1160 pausania.
769 1094 934 1163 Στραφίντα
954 1095 1004 1167 yoip
1020 1091 1147 1164 μηχανῆ-

226 1181 300 1231 ματα
320 1158 418 1230 ἔνδηλα
439 1162 514 1220 ποιεῖ
529 1157 565 1215 rai
582 1157 651 1215 uacci
674 1157 706 1215 co*
723 1167 851 1230 paccatas
867 1159 902 1218 dc
918 1164 981 1227 ἔχει.
1032 1171 1089 1220 Kal
1104 1167 1147 1234 pt-

224 1248 301 1286 νεται
323 1227 389 1301 ὄφις
410 1226 536 1299 rpupanp'·
568 1226 601 1284 rai
619 1229 670 1299 pir
693 1229 767 1299 ξίφος
791 1231 832 1284 ἔτι
856 1229 1009 1303 ἠμαγμένον
1030 1235 1147 1300 κατέχων

221 1293 364 1369 ’Opissas‘
388 1297 420 1353 αἱ
435 1298 463 1353 ds·
479 1296 563 1368 sairdas
581 1299 744 1368 ppoaporiooa
761 1295 851 1354 adeda.

145 1369 192 1434 2⁷)
227 1369 308 1423 Haud
327 1371 377 1422 abs
396 1386 427 1422 re
445 1369 549 1434 suerit,
576 1371 625 1422 has
644 1367 979 1434 breviterrecensuisses
1014 1379 1145 1425 suntan-

223 1447 278 1494 tenr
299 1437 510 1492 diversissimae
536 1448 565 1490 et
591 1437 734 1491 maximam
761 1450 866 1508 partem
891 1439 931 1492 ita
956 1443 1144 1510 comparatae,

222 1517 255 1561 ut
280 1507 324 1562 ael
343 1523 396 1577 per
414 1522 446 1560 sc
465 1506 623 1562 concidant.
673 1506 768 1560 Pavo
790 1506 894 1575 igitur,
929 1509 1073 1563 adnotati
1092 1509 1144 1564 Vs.

221 1577 294 1640 aa„
325 1575 454 1628 machina
486 1583 592 1629 remota
627 1573 739 1628 videtur
773 1591 839 1645 pars
873 1575 969 1657 templi
1005 1577 1142 1631 anterior.

223 1641 466 1710 Schlegalius
492 1645 512 1697 l.
538 1661 563 1696 c.
586 1644 639 1702 M
656 1645 706 1704 ts,
730 1660 758 1713 p.
776 1647 827 1700 382
853 1643 1017 1699 interrorem
1043 1644 1144 1727 templi

220 1720 328 1782 partem
343 1727 404 1765 cum
416 1711 514 1766 Furiis
532 1710 718 1766 stertentibus
733 1713 840 1767 demum
859 1713 1033 1783 poeniteas
1047 1743 1080 1753 -
1098 1714 1145 1767 rd-

222 1796 278 1847 que
295 1795 362 1834 sane
382 1782 469 1834 multo
491 1779 668 1852 probabilius
686 1810 719 1820 —
737 1781 923 1850 spectantium
946 1782 1039 1835 oculis
1057 1783 1142 1835 exhi·
1186 1819 1190 1830 .
1213 1822 1215 1829 .

221 1848 312 1903 bitum
333 1865 397 1902 esse
421 1862 532 1916 censet,
569 1860 597 1903 et
616 1848 655 1901 ita
678 1849 807 1916 quidam,
844 1861 873 1905 ut
896 1848 1050 1919 ipsiuiopo
1067 1852 1143 1919 quod

220 1918 374 1972 vocabatur
397 1920 499 1986 januae
526 1919 662 1973 admotum
689 1920 742 1981 sits
778 1920 807 1973 in
836 1919 1079 1990 praelectionibus
1105 1920 1142 1974 da

218 1997 281 2042 arte
298 1986 464 2053 dramatico,
497 1989 531 2042 T.
550 1987 576 2052 1,
596 2005 623 2058 p.
641 1987 704 2047 148,
735 1989 844 2054 januam
864 2001 985 2058 apertam
1004 1989 1141 2044 sufficere

125 2081 127 2086 ·
220 2055 322 2110 credit.
356 2057 589 2124 Boettigcrus
614 2057 642 2110 in
670 2055 746 2108 libro
773 2059 808 2111 de
835 2073 956 2128 persona
979 2057 1139 2124 Furiarum,

216 2142 246 2197 p.
265 2126 314 2188 99,
350 2137 379 2180 et
403 2126 542 2196 imprimis
560 2125 588 2178 in
612 2125 777 2194 prolusione
800 2126 881 2180 deum
905 2144 943 2182 ex
965 2127 1092 2180 machina
1111 2127 1141 2179 in

218 2210 250 2247 re
268 2193 380 2248 scenica
399 2209 522 2250 aeterum
542 2195 718 2259 illustrante,
736 2212 763 2263 p.
781 2195 854 2251 Vlll
871 2212 927 2264 sq.,
949 2195 1020 2248 idem
1039 2195 1141 2248 iactum

217 2276 282 2316 esse
300 2273 397 2318 censet
421 2263 658 2327 intaminatione,
694 2279 774 2330 quam
796 2261 945 2332 turiniano
967 2263 1140 2335 appellarint

217 2330 477 2392 artificesscenici.
512 2332 660 2394 Rotulis‚a
679 2333 735 2398 ait,
762 2331 972 2403 ‘imponebatur
993 2345 1078 2388 totum
1097 2344 1140 2386 ta·

216 2401 356 2467 bulatum,
384 2401 432 2454 cui
451 2401 544 2522 tripus
564 2400 708 2471 Apollinis
727 2419 779 2454 una
798 2419 859 2456 cum
877 2403 946 2466 deo,
972 2411 1002 2456 et
1020 2403 1138 2469 Orestes

217 2480 248 2523 et
264 2468 369 2523 Furiae
388 2469 488 2524 insiste
509 2481 573 2535 ant,
593 2470 678 2536 idque
697 2471 850 2523 tabulatum
868 2468 1071 2524 machinatione
1090 2486 1138 2523 ro·

217 2537 295 2594 tatili
311 2538 555 2609 provolvebatura
598 2540 644 2592 hb
663 2538 742 2591 hisce
761 2540 905 2607 aliquanto
924 2539 1012 2594 distat
1028 2539 1137 2592 Muel-

215 2606 289 2661 leri
307 2607 460 2673 sententia,
486 2620 515 2664 et
532 2608 600 2674 illa,
625 2624 705 2675 quam
724 2608 792 2660 olim
812 2611 948 2680 prolatam
967 2607 1081 2663 dissert.
1100 2609 1137 2662 de

216 2676 286 2747 trip.
302 2677 409 2748 Delph.
428 2694 455 2747 p.
473 2681 516 2743 lt,
535 2678 628 2732 adnot.
646 2677 689 2730 st.
718 2676 780 2748 ipse
807 2688 881 2733 tecte
906 2677 1013 2732 notavit
1039 2676 1136 2731 verbis

214 2745 349 2815 saperius
372 2747 466 2799 adnot.
485 2750 537 2827 ¹⁹2
547 2743 721 2826 exscriptis,
759 2755 787 2799 et
811 2763 858 2814 ea,
893 2748 929 2799 de
947 2762 1002 2814 qua
1024 2746 1058 2799 ad
1077 2747 1137 2799 Eu-

210 2815 1137 2955 assis3⁰0⁵.attathdsslhtlh‘asitha‚litt

211 2953 336 3023 curium,
355 2953 499 3017 Orestem,
527 2951 687 3022 quindecim
705 2953 809 3006 Furias
827 2953 920 3007 oculis
939 2952 1133 3019 subjiciendas

209 3035 288 3076 usum
307 3037 371 3076 esse
389 3022 518 3093 potuisse
536 3032 663 3086 censeat,
691 3034 720 3076 et
735 3024 798 3089 jure
816 3023 947 3089 quidam,
965 3032 1051 3076 totam
1069 3038 1133 3075 sce-

116 3109 119 3116 *
208 3106 272 3144 nam
290 3090 389 3144 statuit
413 3092 546 3162 templum
564 3091 612 3146 dai
640 3103 884 3162 repraesentasse,
920 3107 1034 3158 eamque
1058 3089 1134 3144 inter

208 3157 336 3230 Pythiae
367 3175 537 3227 sermonem,
573 3177 654 3227 queru
686 3161 716 3214 in
743 3162 890 3215 orchestra
916 3160 1041 3214 habitum
1068 3176 1133 3213 esse

207 3229 316 3295 credit,
342 3230 459 3294 aulaeo,
485 3230 521 3284 de
538 3247 594 3296 quo
611 3230 742 3284 adhibito
758 3232 813 3298 jam
832 3229 885 3283 ille
902 3229 948 3282 air
965 3231 1063 3284 doctus
1083 3246 1131 3283 su·

207 3297 365 3368 spicionem
383 3298 532 3362 habuerat,
549 3297 740 3354 absconditam
758 3298 866 3364 luisse,
892 3310 990 3365 atque,
1008 3299 1062 3350 hoc
1081 3298 1133 3350 de·

206 3367 295 3448 misso
321 3378 388 3439 post
413 3367 569 3448 discessum
587 3367 725 3439 Pythiae,
754 3367 889 3449 'intimum
917 3367 1013 3448 domus
1039 3366 1131 3448 oculis

205 3437 1131 3585 latrasti·..illitis‘th..tlllltlslhtth‘sslf

205 3575 253 3628 ael
278 3592 330 3645 per
356 3591 388 3629 se
414 3576 630 3630 commendatum
659 3575 697 3629 iri
724 3573 914 3640 existimavit,
949 3591 1002 3628 nec
1026 3575 1128 3640 deluit,

203 3643 255 3712 qui
272 3644 441 3714 assentiret,
464 3642 679 3700 Klausenius
697 3643 827 3710 scilicet,
854 3644 876 3698 l.
893 3659 956 3713 sup.
975 3660 1014 3708 o,
1046 3643 1129 3697 modo

204 3713 279 3780 quod
299 3712 338 3780 is,
357 3713 487 3794 quoniam
504 3712 633 3770 nimirum
651 3730 703 3784 per
720 3713 898 3784 proscenium
916 3727 1039 3784 pronsas
1059 3722 1129 3765 tem·

202 3780 245 3847 pli
266 3783 404 3853 Delphici
428 3794 656 3855 repraesentatus
683 3783 801 3849 luisset,
836 3797 920 3850 quum
940 3779 1128 3836 remotissima

201 3851 286 3917 huius
312 3867 379 3922 pars
405 3882 439 3892 —
466 3854 579 3925 adytum
606 3853 717 3920 inquam
742 3881 775 3892 -
800 3862 864 3922 post
892 3865 1004 3905 scenam
1027 3853 1127 3932 jacens

203 3920 296 3974 oculis
318 3921 505 3992 spectantium
529 3922 708 3989 subjicienda
725 3931 819 3987 esset,
855 3919 886 3974 id
904 3936 957 3990 per
973 3915 1125 3987 speusippus

199 3989 275 4054 quod
292 3991 491 4061 appellabatur
515 3993 551 4048 ad
575 3995 686 4059 januam
703 4005 827 4060 magnam
844 3998 970 4060 apertam
986 3986 1125 4040 admotum

200 4056 301 4113 tactura
318 4074 382 4116 esse
399 4062 515 4129 statuit,
548 4062 596 4116 cui
614 4059 748 4130 quaedam
766 4059 903 4131 opposuit
919 4053 1124 4114 Muellerus
