2770 4690
215 354 336 430 XLVI

216 555 479 574 Μ

222 672 226 678 ’
318 658 365 711 Er
383 653 428 706 his
446 653 577 707 versibus
597 653 758 707 conclusum
777 661 821 706 est
839 669 855 706 a
873 651 1056 708 Muellero
1075 653 1109 708 ad
1127 655 1247 708 Eumen.

318 745 347 798 p.
364 725 414 790 83,
447 722 550 776 Furias
570 721 647 778 inter
669 723 823 778 cauendum
847 721 939 778 luisse
957 741 1012 778 uon
1036 724 1066 777 iu
1089 726 1249 789 orchestra,

318 803 349 848 ut
372 808 431 845 rnos
455 792 586 857 ferebat,
616 791 716 846 sedin
740 793 907 861 proscenio,
938 810 994 860 quo
1023 793 1138 848 scilicet
1155 804 1185 849 ut
1203 794 1249 848 in-

316 861 453 919 teriorem
478 861 575 931 templi
607 871 714 928 partem
745 871 984 930 repraesentatum
1015 861 1107 916 fuisse
1135 871 1250 932 putaret

319 935 405 988 etiam
422 931 476 984 boc
495 930 559 1000 ipso
579 931 646 983 loco
663 929 763 984 adduci
782 940 908 999 poterat,
941 947 1033 997 neque
1050 931 1078 985 id
1098 947 1153 985 nou
1171 942 1248 1002 apte,

320 1003 346 1058 si
368 1002 392 1055 is
411 998 521 1067 quidem
545 999 584 1052 ita
603 1001 759 1069 rapicndus
781 1009 871 1064 esset,
900 1009 930 1053 ut
954 1001 1045 1054 adhuc
1070 1000 1172 1054 iactum
1190 1015 1248 1065 σοις

318 1072 368 1126 sed
391 1085 473 1137 quum
492 1085 547 1121 non
566 1070 658 1121 solum
675 1067 730 1121 illu
753 1068 900 1122 conclusio
924 1068 996 1122 ferri
1019 1087 1075 1123 non
1099 1085 1184 1139 posse
1203 1070 1248 1124 vi-

316 1143 447 1205 deretur,
482 1153 577 1191 verum
597 1138 680 1192 etiam
699 1136 758 1190 alia
776 1137 805 1191 in
824 1138 1008 1203 sequentibus
1028 1139 1138 1204 inesse,
1175 1154 1248 1206 quae

316 1209 421 1266 verbis*
442 1207 505 1261 illis
534 1217 739 1287 repugnarent,
776 1205 805 1259 in
829 1206 933 1261 Adnot.
961 1225 987 1277 p.
1005 1209 1039 1260 39
1066 1209 1247 1262 correctione

216 1283 219 1290 '
317 1295 388 1350 opus
408 1293 472 1332 esse
490 1285 646 1330 statuimus.
683 1275 977 1342 verconntrecte.
1013 1275 1192 1341 eniienim,
1221 1277 1247 1330 si

216 1367 219 1376 ’
248 1385 250 1395 ·
319 1349 434 1403 verbum
452 1341 531 1414 δῶμα
550 1347 604 1398 hoc
623 1346 687 1398 loco
705 1361 760 1398 non
780 1345 912 1414 templum
929 1339 1032 1410 (ναόν),
1060 1346 1110 1399 sed
1129 1348 1248 1400 univer*

320 1435 379 1472 sum
412 1416 559 1469 delubrum
592 1416 720 1480 (τέμενος)
746 1413 897 1484 Apollinis
931 1413 1098 1482 significare
1129 1428 1248 1469 conten-

317 1490 394 1541 daml
422 1485 508 1543 Quam
524 1485 710 1550 conjecturam
726 1481 841 1552 nequis
859 1500 915 1536 non
933 1493 1054 1536 taxatam
1074 1493 1178 1538 temere
1196 1485 1248 1536 ab·

316 1556 398 1624 jiciat
416 1556 461 1608 vel
485 1555 518 1608 id
539 1556 633 1606 lacere
656 1551 762 1622 possit,
796 1552 870 1619 quod
894 1561 980 1622 poeta
997 1564 1133 1620 sequente
1151 1569 1247 1619 versu,

317 1626 368 1680 ubi
393 1623 500 1678 Furiae
526 1623 687 1694 penetralia
714 1621 880 1688 relinquere
905 1621 1055 1688 jubentur,
1090 1637 1248 1676 sermonem

317 1695 360 1750 ita
385 1691 521 1760 variavit,
557 1704 587 1746 ut
615 1691 753 1744 vocabulo
779 1685 999 1755 α’πολλᾶοοεοθε,
1033 1707 1089 1744 uon
1117 1694 1204 1745 verbo
1231 1708 1249 1744 a

314 1758 1249 1900 lztpsstll'lsssitilithi⁹thitboldibatilla

317 1899 429 1954 aedium
447 1910 528 1969 parte
547 1910 691 1950 versantes
709 1897 846 1964 cogitare.
891 1896 948 1951 Sed
966 1897 1108 1951 videamus
1127 1896 1163 1953 de
1181 1899 1247 1963 illo,

312 1985 398 2036 'quem
413 1968 476 2022 voci
492 1962 570 2030 δῶμα
582 1965 749 2029 tribuimus,
775 1982 827 2022 usu
845 1967 943 2036 paullo
959 1968 1128 2024 accuratius,
1162 1968 1246 2039 Apud

314 2036 480 2107 Euripidem
506 2035 879 2105 llippol.Vs.53et1383
904 2037 1005 2091 Matth.
1031 2036 1101 2091 olim
1127 2037 1246 2106 legeba-

316 2120 377 2174 tur,
402 2104 479 2158 illic:
514 2104 564 2167 ἔξω
581 2099 666 2156 roivda
681 2101 800 2189 βήσομαι
824 2100 950 2170 δόμων,
979 2105 1044 2159 hic:
1071 2100 1128 2160 ἴστ’
1144 2105 1174 2158 ἐν
1192 2102 1245 2159 do'-

316 2193 416 2245 μοοοι
431 2169 528 2227 τοιοίδ’
548 2167 682 2244 ’Ἄρτεμις
699 2175 767 2238 deo,
804 2173 878 2227 illud
902 2174 931 2227 in
949 2176 1012 2227 sola
1030 2175 1100 2229 Aldi
1118 2175 1249 2229 editione

316 2241 1247 2382 {utilit03hltitillat,titillolh?stills

635 2349 643 2375 p
872 2353 878 2366 ·

313 2383 467 2446 scribitur,
499 2391 653 2452 praeeunte
672 2381 895 2450 Musgravio,
927 2381 1058 2449 quoniam
1084 2398 1169 2436 scena
1188 2399 1243 2436 ex-

314 2469 358 2510 tra
377 2453 484 2506 domum
505 2451 607 2517 luerit,
627 2450 772 2522 inpriore
791 2451 871 2503 loco:
895 2447 1002 2517 τόπων,
1021 2452 1050 2504 in
1066 2452 1175 2505 altero:
1198 2447 1247 2504 τό-

312 2542 396 2578 ποισι.
432 2520 559 2588 Utraque
577 2520 666 2574 lectio
682 2535 763 2587 quum
782 2520 843 2585 pari
863 2519 923 2573 fere
939 2519 1110 2575 auctoritate
1128 2521 1245 2584 nitatur,

313 2595 368 2646 hoc
386 2590 547 2660 exemplum
565 2606 619 2643 non
645 2590 823 2643 morabimur.
860 2590 921 2642 Nec
941 2589 978 2642 iis
997 2591 1026 2642 in
1046 2605 1103 2642 rem
1121 2600 1246 2644 nostram

315 2663 476 2720 emulemur,
495 2674 567 2725 quae
585 2674 601 2710 a
618 2657 825 2711 Klausenio
843 2658 878 2711 ad
898 2663 993 2726 Agant.
1013 2657 1064 2712 Vs.
1081 2659 1148 2712 1207
1166 2659 1247 2725 (1256

313 2729 416 2793 Well.)
431 2729 560 2782 adnotata
578 2737 653 2792 sunt,
672 2726 738 2796 quia
758 2725 805 2780 hic
822 2727 904 2780 locus
924 2728 1024 2794 procul
1043 2727 1131 2780 dubio
1144 2745 1246 2782 corru-

313 2811 377 2869 ptus
395 2808 447 2851 est.
483 2795 539 2849 Sed
559 2796 632 2866 apud
646 2795 812 2866 Euripidem
826 2796 888 2849 lon.
907 2795 960 2850 Vs.
974 2797 1154 2850 lursmarin.
1191 2797 1245 2850 lon

313 2869 446 2921 Creusam
465 2865 493 2918 in
513 2881 561 2918 ara
579 2874 671 2919 extra·
685 2866 817 2935 templum
836 2864 890 2916 sito
914 2865 1073 2935 supplicem
1098 2865 1243 2920 sedentem

312 2937 354 2990 sic
378 2935 544 3005 compellat:
580 2929 640 2986 odra
657 2931 749 3019 βωμός
771 2929 832 2987 οὔτ’
846 2931 1015 2988 Ἀπόλλωνος
1039 2931 1141 3002 δόμος
1163 2931 1242 2988 ooioat

312 3025 349 3062 oe.
400 3005 479 3074 Ergo
506 3006 560 3056 hoc
585 3005 649 3056 loco
673 3002 755 3072 ὃομοσ
779 3019 832 3055 non
862 3005 1009 3125 templum,
1043 3004 1093 3057 sed
1121 3005 1239 3058 univer·

312 3091 372 3128 sum
393 3073 486 3126 locum
510 3074 563 3126 deo
588 3089 699 3126 sacrum
722 3071 875 3138 significat.
931 3071 1022 3125 bidem
1041 3072 1093 3127 Vs.
1113 3076 1179 3128 1197
1199 3090 1242 3140 sq.

311 3145 347 3197 tle
369 3139 507 3206 columbis
541 3142 678 3196 traditur:
711 3139 815 3202 Λοξίου
839 3137 890 3209 yoip
921 3139 951 3195 ἒν
981 3137 1102 3210 δόμοιο
1129 3136 1245 3208 ἄτρεστα

310 3215 420 3266 ναίουσι.
455 3209 551 3264 Etiam
569 3208 616 3264 hic
635 3207 733 3276 δόμους
751 3225 814 3262 esse
830 3210 862 3263 ro*
880 3212 999 3280 τέμενος,
1023 3221 1052 3266 et
1071 3211 1143 3264 ratio
1162 3211 1244 3266 evin·
1312 3255 1314 3262 ⁴

313 3282 352 3336 cit
371 3291 400 3337 et
417 3281 499 3334 locus
517 3279 643 3333 Diodori
663 3277 770 3346 Siculi,
796 3278 844 3346 qui
864 3292 908 3334 est
926 3279 992 3334 Lib.
1009 3279 1094 3342 Χν1,
1113 3280 1180 3350 Cap.
1198 3283 1244 3344 27,

311 3352 404 3406 docet.
444 3350 539 3402 Porro
557 3350 688 3402 Androm.
707 3348 759 3403 Vs.
779 3351 825 3403 lbl
845 3365 902 3416 sq.:
928 3345 1021 3402 uoo'ddv
1036 3344 1062 3401 o’
1080 3345 1169 3418 ὀνήσει
1187 3345 1246 3400 tu-

312 3439 358 3489 μα
375 3425 421 3485 Νη
440 3414 504 3491 ίἦδος
519 3412 597 3481 ride,
616 3413 647 3470 οὗ
664 3416 758 3487 βωμός
776 3413 838 3470 oo’de'
855 3415 918 3470 vade
936 3448 969 3458 -
987 3435 1044 3472 vox
1061 3414 1140 3484 δῶμα
1158 3434 1243 3487 aper-

312 3500 342 3543 te
360 3496 404 3542 est
421 3437 457 3541 de
476 3486 611 3540 uniuerso
630 3487 767 3550 delubro,
787 3486 861 3554 quod
881 3483 1016 3542 Θετίδειον
1033 3488 1245 3558 appellabatur,

311 3554 376 3610 vods
392 3558 428 3611 de
448 3556 557 3609 sacello
578 3556 607 3608 in
627 3557 682 3609 illo
700 3554 773 3624 sito,
808 3555 857 3608 ubi
877 3557 1002 3624 supplex
1025 3557 1193 3610 consederat
1210 3556 1246 3608 ad

308 3623 405 3748 ἰωμὸν
422 3623 627 3679 Andromache.
672 3625 748 3680 uuio
775 3626 849 3691 quod
873 3625 946 3694 opud
969 3625 1143 3696 Sophoclem
1168 3625 1242 3678 Oed.

338 3695 415 3751 .Vs.
433 3695 468 3749 29
492 3696 560 3750 urbs
579 3694 738 3748 Thebarum
762 3693 840 3747 audit
865 3689 959 3761 δῶμα
975 3691 1130 3761 Καδμοῖον,
1166 3693 1243 3764 apud

307 3763 477 3883 Euripidem
496 3763 605 3818 Electr.
625 3763 676 3818 Vs.
686 3765 755 3818 129⁰
772 3779 825 3816 arx
837 3765 1010 3818 Athenarum
1027 3763 1118 3816 οἶκος
1133 3768 1245 3829 Κεπρο-

308 3837 372 3888 ntor
426 3831 459 3886 In
478 3848 533 3899 qua
552 3832 665 3899 quidem
682 3830 807 3885 lectione
826 3849 881 3885 uon
900 3833 991 3884 solum
1008 3831 1181 3886 Matthiae
1200 3831 1246 3884 ol-

306 3902 409 3965 iendit,
428 3902 489 3967 sed,
509 3909 582 3954 teste
599 3901 776 3972 (lumpero,
796 3901 881 3954 etiam
896 3900 1143 3966 Valckenaer,
1160 3911 1244 3953 uter-

308 3989 364 4040 que
378 3966 465 4038 ὄχθον
479 3969 666 4036 conjicientes
680 3970 861 4024 scribendum
878 3983 953 4033 esse,
971 3980 1000 4023 at
1018 3968 1139 4036 injuria3
1159 3969 1245 4023 etiarn

306 4041 381 4110 apud
410 4039 510 4094 Aristo
534 4039 561 4092 b.
584 4039 659 4094 Nub.
684 4039 736 4094 Vs.
754 4040 805 4093 598
829 4048 859 4092 et
877 4036 1009 4108 Euripid.
1036 4036 1138 4109 Suppl.
1155 4038 1247 4092 vsu

307 4125 341 4164 ac
357 4110 421 4166 Pel.
439 4109 474 4164 ir.
494 4057 548 4176 lit,
566 4108 600 4176 2,
618 4125 656 4164 ex
674 4109 741 4163 edit.
759 4106 947 4174 Barnesii,
966 4107 1145 4164 locutiones:
1162 4104 1245 4176 ’Epi-
