2652 4688
1012 329 1088 412 785

90 509 283 576 desoribenda
298 519 423 574 essent·
442 511 643 586 summotus,
656 509 848 572 *stiamde
860 507 1088 582 ¹Orosteudloes

91 608 149 676 ret,
168 605 198 658 et
219 597 332 674 simul,
353 613 417 676 quo
439 595 516 671 jure.
530 595 653 654 ibidem
673 594 819 664 donoro
832 596 1089 674 Erinnyumonos

89 685 164 742 mine
199 699 382 742 sermonem
420 678 523 738 fnisse·
543 679 817 756 oonjeoeristusy'
834 677 912 740 ‘nem
924 685 934 724 ·'
946 679 1009 739 nse
1025 695 1090 739 ἰιι

89 767 174 826 etiam
189 763 410 850 grammaticis
425 761 570 822 testibus
579 763 761 824 arctissime
772 766 970 843 'conjunotae
988 774 1089 822 erant.

88 849 179 933 Ergo,
218 855 258 908 ut
291 847 404 929 paucis
437 843 717 924 comprehendent·
746 845 999 928 qundo-sentio,
1015 845 1092 906 *ui-

88 929 173 992 detur
191 930 344 992 Minerva
365 930 402 990 in
431 929 492 1005 iis,
510 957 513 966 .
534 949 616 1010 qnae
647 929 901 1007 interciderunt,
944 927 1022 988 dum
1051 926 1094 987 de

87 1034 193 1095 pompa
216 1010 359 1090 dicebat,
385 1013 513 1074 Orestis
530 1012 637 1077 denuo
649 1016 811 1074 maumam·
822 1015 1032 1090 suscepisse,¹
1046 1013 1094 1071 ite

87 1096 225 1178 quidem,
246 1105 285 1158 ιιι
304 1097 418 1158 Furias
440 1096 640 1172 hortaretur,
661 1104 699 1156 ut
720 1099 818 1158 etiam
840 1097 917 1158 huic
939 1115 1005 1156 non
1027 1114 1093 1154 am·

83 1183 165 1262 plius
185 1182 420 1257 irascerentur,
449 1189 545 1260 atque
565 1189 640 1261 post
659 1181 713 1242 vel
734 1182 822 1241 inter
842 1200 879 1242 ea
899 1179 1017 1252 verba,
1046 1180 1095 1237 in-

88 1273 203 1326 certum
224 1283 288 1346 qna
309 1266 457 1341 ratione,
480 1283 546 1323 non
570 1272 679 1324 tamen
701 1273 853 1344 tanquam
874 1285 933 1346 per
954 1263 1096 1322 occasio-

87 1369 164 1425 nem,
185 1347 240 1411 sed
261 1350 309 1410 ita
329 1355 367 1408 ut
386 1367 486 1409 nexus
506 1345 638 1429 quidam
661 1347 749 1412 inter
767 1357 939 1430 utramque
955 1365 1026 1406 rem
1047 1347 1096 1405 in-

86 1429 277 1511 tercederet,
315 1433 404 1493 hisce
425 1430 638 1492 Eumenidum
671 1451 787 1494 nomen
814 1433 1025 1514 imposuisse,
1066 1436 1099 1490 et

86 1513 198 1578 deinde
219 1518 301 1580 viris
316 1515 585 1592 Atheniensibus,
606 1516 664 1594 qui
685 1525 780 1576 antea
799 1515 944 1595 judicum
965 1532 1098 1574 munere

85 1602 184 1662 functi
206 1609 317 1678 erant,
356 1597 541 1675 mandasse,
578 1607 616 1658 ut
637 1600 733 1659 illum
754 1601 790 1658 in
810 1601 907 1663 finem
928 1600 1003 1662 deas
1025 1617 1099 1658 oum

85 1685 156 1748 eliis
175 1694 245 1747 tum
265 1683 428 1746 sacrificio
450 1683 561 1743 oblato
583 1681 793 1744 honorarent.
1003 1688 1005 1694 '

162 1770 203 1831 Et
224 1769 304 1830 haec
324 1771 393 1828 fere
413 1775 490 1827 sunt
509 1785 591 1848 quae
611 1766 670 1827 sub
692 1769 799 1850 ipsum
818 1768 917 1830 finem
939 1770 1100 1830 orationis

83 1853 251 1918 Minervae
280 1849 368 1912 diota
399 1859 558 1932 putamus.
602 1849 691 1912 Num
720 1869 799 1914 vero
827 1859 924 1922 antea
952 1852 1101 1934 pluribus

84 1947 117 1999 et
143 1936 183 1998 de
211 1935 349 2017 reliquis
378 1934 485 1995 cultus
505 1933 720 1996 Eumenidum
748 1935 895 2017 partibus
923 1934 1017 1996 etde
1039 1936 1102 1996 hoc

83 2023 180 2083 etiam
209 2025 245 2081 in
278 2027 444 2100 posterum
474 2016 594 2080 deabus
629 2017 805 2080 tribuendo
842 2039 949 2082 sermo
984 2022 1102 2094 fuerat,

80 2115 120 2166 ut
137 2103 336 2166 Fritrschius
358 2122 398 2162 an
422 2110 538 2162 uratur
560 2104 676 2180 iniis,
709 2122 791 2184 quae
811 2108 960 2186 superins
985 2122 1017 2184 p.
1042 2105 1102 2167 195

82 2199 116 2252 et
135 2211 181 2272 sq.
212 2196 296 2252 extr.
329 2121 557 2248 exhibuimus?
609 2186 686 2246 Non
718 2188 846 2269 opinor.
900 2189 985 2250 Nam
1021 2207 1103 2269 quen

80 2277 117 2335 in
139 2275 211 2354 ipsa
240 2271 390 2332 oratione
419 2267 526 2330 adbuc
554 2271 714 2330 exstantia
741 2273 850 2332 virum
873 2271 1012 2332 doctum·
1032 2293 1103 2334 rno-

80 2365 217 2434 verunt,
253 2363 293 2416 nt
319 2355 457 2414 alteram
484 2354 551 2431 ejus
580 2362 706 2433 partem
728 2352 792 2412 huc
813 2365 973 2434 spectasse
994 2352 1105 2416 crede-

82 2448 150 2516 ret,
179 2437 279 2500 verba
300 2432 335 2496 τὰ
356 2431 479 2510 λοιπόν,
514 2437 543 2494 si
564 2437 691 2520 integra
712 2439 890 2513 sententia,
918 2438 977 2498 ubi
997 2441 1106 2519 posita

82 2529 176 2597 sunt,
210 2517 252 2582 ad
275 2518 422 2580 Orestem
443 2519 569 2599 potins,
607 2537 703 2600 quam
726 2517 768 2579 ad
787 2520 1000 2582 Athenienses
1022 2525 1106 2582 refe-

79 2602 183 2670 renda
205 2612 271 2682 est,
292 2602 379 2662 nihil
401 2599 559 2680 ejusmodi
581 2601 731 2682 probant.
777 2603 918 2666 Omnino
941 2625 1020 2668 vero
1042 2606 1105 2666 hoc

80 2691 242 2773 placitum
272 2706 314 2747 ne
344 2705 404 2766 per
435 2705 469 2747 se
501 2685 633 2766 quidem
664 2687 835 2766 probabile
866 2697 924 2750 est.
978 2689 1106 2750 Etenim

81 2778 153 2835 sire
183 2772 308 2832 cultum
334 2768 532 2830 dearum—in
558 2771 747 2832 universum
776 2770 1013 2834 instituendum
1039 2793 1108 2834 esse

80 2876 211 2934 censes,
242 2857 312 2916 sive
333 2853 478 2937 singulas
500 2853 674 2914 nonnullas
696 2856 763 2932 ejus
784 2866 893 2937 partes
915 2875 1107 2920 commemo-

76 2938 219 3015 randas,
255 2939 324 3000 sive
351 2937 506 3020 populum
528 2937 760 3000 Atheniensem
789 2938 1003 3017 monendum,
1040 2959 1108 3002 orn-

77 3024 180 3083 nibns
201 3021 292 3082 hisce
319 3022 382 3100 iem
404 3031 499 3080 antea
527 3021 728 3082 satisfactum
750 3031 820 3085 erat
841 3044 860 3084 a
880 3023 1033 3087 Minerva
1055 3025 1109 3102 iis,

78 3125 168 3188 quae
190 3107 334 3186 primum
354 3103 412 3164 Vs.
435 3106 495 3170 771
518 3125 606 3186 sqq„
628 3114 698 3165 tum
719 3105 775 3168 Vs.
798 3109 861 3171 797
881 3128 969 3190 sqq„
992 3105 1110 3170 deinde

74 3189 137 3250 Vs.
162 3189 226 3254 829
247 3209 317 3270 sqq.
340 3195 374 3247 et
395 3189 548 3271 inprimis
570 3187 647 3250 inde
668 3209 687 3248 a
708 3189 766 3252 Vs.
783 3191 845 3254 850
866 3211 968 3274 usque
989 3189 1030 3251 ad
1051 3191 1108 3256 Vs.

72 3277 154 3339 861.
178 3271 320 3352 denique
340 3269 397 3332 Vs.
420 3273 482 3336 946
502 3292 589 3354 sqq.,
619 3272 765 3351 dixerat,
799 3293 939 3355 quorum
961 3276 1111 3337 locorum

71 3357 160 3419 talis
188 3357 276 3417 ratio
298 3363 362 3430 est,
402 3363 440 3416 ut
467 3365 565 3437 poeta
599 3357 662 3418 hoc
690 3362 824 3443 negotio
846 3359 1111 3440 insequentibus

70 3439 297 3522 supersedere
334 3459 400 3499 non
438 3448 504 3506 tam
536 3460 630 3521 posse
668 3462 764 3521 quarn
796 3441 915 3503 debere
942 3441 1111 3514 videatur3

71 3527 185 3588 immo
208 3524 306 3584 etiam
327 3542 464 3604 pompe,
486 3543 549 3605 qua
569 3524 765 3587 Eumenides
786 3525 827 3588 ad
847 3517 939 3586 sedes
960 3545 1033 3586 suas
1054 3523 1113 3584 du·

72 3615 205 3667 cuntur
229 3615 262 3668 et
282 3627 375 3668 sacra
397 3609 432 3667 in
455 3627 492 3668 ee
514 3606 678 3683 obeunda,
718 3629 801 3689 quae
830 3628 882 3670 res
903 3608 1032 3670 demum
1053 3607 1112 3668 sub

70 3693 182 3751 finem
213 3691 343 3754 fabulae
374 3692 477 3756 fusius
506 3689 752 3767 describuntur,
789 3695 852 3771 jem
880 3693 938 3754 Vs.
960 3693 1023 3756 816
1044 3713 1111 3773 sqq.

69 3784 242 3854 tanquam
268 3776 367 3834 etiam
389 3775 425 3834 in
454 3785 621 3857 posterum
648 3775 808 3838 duratura
840 3779 887 3838 ite
917 3795 1112 3855 commemo·

68 3865 220 3936 rantur,
242 3866 280 3918 ut
299 3878 340 3919 ne
359 3855 399 3920 de
422 3858 485 3920 hoc
506 3857 638 3940 quidem
660 3862 694 3920 in
718 3860 778 3921 hac
800 3857 929 3922 demum
950 3867 1115 3942 postrema

64 3940 259 4010 Minervae
276 3942 426 4008 oratione
447 3961 630 4014 sermonem
651 3945 751 4010 fuisse
772 3944 943 4032 probabile
962 3944 1023 4017 sit3
1046 3941 1115 4002 Mi-
