<?xml version="1.0" encoding="UTF-8"?>
<!DOCTYPE html PUBLIC "-//W3C//DTD XHTML 1.0 Transitional//EN"
    "http://www.w3.org/TR/xhtml1/DTD/xhtml1-transitional.dtd">
<html xmlns="http://www.w3.org/1999/xhtml" xml:lang="en" lang="en">
 <head>
  <title>
</title>
<meta http-equiv="Content-Type" content="text/html;charset=utf-8" />
  <meta name='ocr-system' content='tesseract 3.04.00' />
  <meta name='ocr-capabilities' content='ocr_page ocr_carea ocr_par ocr_line ocrx_word'/>
</head>
<body>
  <div class='ocr_page' id='page_1' title='image "./conjectaneainae00wiesgoog_0266.png"; bbox 0 0 2812 4690; ppageno 0'>
   <div class='ocr_carea' id='block_1_1' title="bbox 134 544 1173 1079">
    <p class='ocr_par' dir='ltr' id='par_1_1' title="bbox 134 544 1173 1079">
     <span class='ocr_line' id='line_1_1' title="bbox 138 544 1173 652; baseline 0.035 -47"><span class='ocrx_word' id='word_1_1' title='bbox 138 544 324 610; x_wconf 87' lang='lat' dir='ltr'>sedetiam</span> <span class='ocrx_word' id='word_1_2' title='bbox 353 548 470 652; x_wconf 78' lang='lat' dir='ltr'>aegide</span> <span class='ocrx_word' id='word_1_3' title='bbox 501 571 563 638; x_wconf 83' lang='lat' dir='ltr'>pro</span> <span class='ocrx_word' id='word_1_4' title='bbox 590 555 653 619; x_wconf 89' lang='lat' dir='ltr'>alis</span> <span class='ocrx_word' id='word_1_5' title='bbox 681 566 836 631; x_wconf 84' lang='lat' dir='ltr'>utentem.</span> <span class='ocrx_word' id='word_1_6' title='bbox 903 565 979 632; x_wconf 90' lang='lat' dir='ltr'>Hoc</span> <span class='ocrx_word' id='word_1_7' title='bbox 1028 575 1173 644; x_wconf 85' lang='lat' dir='ltr'>uomodo</span> 
     </span>
     <span class='ocr_line' id='line_1_2' title="bbox 139 594 1171 726; baseline 0.033 -36"><span class='ocrx_word' id='word_1_8' title='bbox 139 631 311 707; x_wconf 80' lang='lat' dir='ltr'>commode</span> <span class='ocrx_word' id='word_1_9' title='bbox 331 633 406 712; x_wconf 75' lang='lat' dir='ltr'>lieri</span> <span class='ocrx_word' id='word_1_10' title='bbox 428 639 597 718; x_wconf 89' lang='lat' dir='ltr'>potuerit,</span> <span class='ocrx_word' id='word_1_11' title='bbox 638 661 704 702; x_wconf 89' lang='lat' dir='ltr'>non</span> <span class='ocrx_word' id='word_1_12' title='bbox 726 647 930 726; x_wconf 70' lang='lat' dir='ltr'><strong>quaeremus,</strong></span> <span class='ocrx_word' id='word_1_13' title='bbox 994 594 1059 718; x_wconf 65' lang='lat' dir='ltr'>Sqed</span> <span class='ocrx_word' id='word_1_14' title='bbox 1081 669 1171 723; x_wconf 85' lang='lat' dir='ltr'>utra·</span> 
     </span>
     <span class='ocr_line' id='line_1_3' title="bbox 137 715 1171 810; baseline 0.036 -38"><span class='ocrx_word' id='word_1_15' title='bbox 137 733 202 794; x_wconf 88' lang='lat' dir='ltr'>que</span> <span class='ocrx_word' id='word_1_16' title='bbox 231 715 311 778; x_wconf 89' lang='lat' dir='ltr'>haec</span> <span class='ocrx_word' id='word_1_17' title='bbox 332 720 407 780; x_wconf 88' lang='lat' dir='ltr'>viae</span> <span class='ocrx_word' id='word_1_18' title='bbox 433 720 604 786; x_wconf 80' lang='lat' dir='ltr'>faciendae</span> <span class='ocrx_word' id='word_1_19' title='bbox 632 725 720 788; x_wconf 78' lang='lat' dir='ltr'>ra&#39;tio</span> <span class='ocrx_word' id='word_1_20' title='bbox 742 729 831 810; x_wconf 91' lang='lat' dir='ltr'>qnod</span> <span class='ocrx_word' id='word_1_21' title='bbox 852 735 950 798; x_wconf 91' lang='lat' dir='ltr'>simul</span> <span class='ocrx_word' id='word_1_22' title='bbox 980 741 1090 804; x_wconf 87' lang='lat' dir='ltr'>locum</span> <span class='ocrx_word' id='word_1_23' title='bbox 1113 747 1171 808; x_wconf 88' lang='lat' dir='ltr'>ha·</span> 
     </span>
     <span class='ocr_line' id='line_1_4' title="bbox 136 797 1170 908; baseline 0.037 -52"><span class='ocrx_word' id='word_1_24' title='bbox 136 797 246 861; x_wconf 89' lang='lat' dir='ltr'>buisse</span> <span class='ocrx_word' id='word_1_25' title='bbox 274 810 429 882; x_wconf 83' lang='lat' dir='ltr'>putatur,</span> <span class='ocrx_word' id='word_1_26' title='bbox 473 803 508 866; x_wconf 90' lang='lat' dir='ltr'>id</span> <span class='ocrx_word' id='word_1_27' title='bbox 538 805 636 888; x_wconf 88' lang='lat' dir='ltr'>plane</span> <span class='ocrx_word' id='word_1_28' title='bbox 663 811 851 877; x_wconf 90' lang='lat' dir='ltr'>inauditum</span> <span class='ocrx_word' id='word_1_29' title='bbox 883 829 940 882; x_wconf 87' lang='lat' dir='ltr'>est.</span> <span class='ocrx_word' id='word_1_30' title='bbox 1005 826 1046 888; x_wconf 87' lang='lat' dir='ltr'>Et</span> <span class='ocrx_word' id='word_1_31' title='bbox 1067 829 1170 908; x_wconf 88' lang='lat' dir='ltr'>dicas,</span> 
     </span>
     <span class='ocr_line' id='line_1_5' title="bbox 135 882 1170 1000; baseline 0.037 -60"><span class='ocrx_word' id='word_1_32' title='bbox 135 882 208 960; x_wconf 90' lang='lat' dir='ltr'>jure</span> <span class='ocrx_word' id='word_1_33' title='bbox 231 892 288 945; x_wconf 92' lang='lat' dir='ltr'>tuo</span> <span class='ocrx_word' id='word_1_34' title='bbox 311 889 448 966; x_wconf 88' lang='lat' dir='ltr'>merito,</span> <span class='ocrx_word' id='word_1_35' title='bbox 471 901 568 972; x_wconf 91' lang='lat' dir='ltr'>poeta</span> <span class='ocrx_word' id='word_1_36' title='bbox 589 893 618 954; x_wconf 85' lang='lat' dir='ltr'>si</span> <span class='ocrx_word' id='word_1_37' title='bbox 640 895 819 975; x_wconf 84' lang='lat' dir='ltr'>voluisset,</span> <span class='ocrx_word' id='word_1_38' title='bbox 843 899 1030 971; x_wconf 88' lang='lat' dir='ltr'>Minervam</span> <span class='ocrx_word' id='word_1_39' title='bbox 1054 915 1170 1000; x_wconf 80' lang='lat' dir='ltr'>aegide</span> 
     </span>
     <span class='ocr_line' id='line_1_6' title="bbox 134 969 1170 1079; baseline 0.036 -54"><span class='ocrx_word' id='word_1_40' title='bbox 134 985 197 1047; x_wconf 91' lang='lat' dir='ltr'>pro</span> <span class='ocrx_word' id='word_1_41' title='bbox 219 969 281 1030; x_wconf 89' lang='lat' dir='ltr'>alis</span> <span class='ocrx_word' id='word_1_42' title='bbox 303 990 393 1032; x_wconf 87' lang='lat' dir='ltr'>usam</span> <span class='ocrx_word' id='word_1_43' title='bbox 417 975 537 1052; x_wconf 86' lang='lat' dir='ltr'>inisse,</span> <span class='ocrx_word' id='word_1_44' title='bbox 580 995 641 1038; x_wconf 91' lang='lat' dir='ltr'>cur</span> <span class='ocrx_word' id='word_1_45' title='bbox 668 998 734 1040; x_wconf 90' lang='lat' dir='ltr'>nou</span> <span class='ocrx_word' id='word_1_46' title='bbox 764 983 800 1043; x_wconf 89' lang='lat' dir='ltr'>in</span> <span class='ocrx_word' id='word_1_47' title='bbox 823 1004 862 1048; x_wconf 90' lang='lat' dir='ltr'>ea</span> <span class='ocrx_word' id='word_1_48' title='bbox 883 1006 919 1049; x_wconf 86' lang='lat' dir='ltr'>re</span> <span class='ocrx_word' id='word_1_49' title='bbox 942 997 1170 1079; x_wconf 79' lang='lat' dir='ltr'>acquievisset,</span> 
     </span>
    </p>
   </div>
   <div class='ocr_carea' id='block_1_2' title="bbox 134 1053 1166 1150">
    <p class='ocr_par' dir='ltr' id='par_1_2' title="bbox 134 1053 1166 1150">
     <span class='ocr_line' id='line_1_7' title="bbox 134 1053 1166 1150; baseline 0.038 -41"><span class='ocrx_word' id='word_1_50' title='bbox 134 1053 221 1132; x_wconf 82' lang='lat' dir='ltr'>quae</span> <span class='ocrx_word' id='word_1_51' title='bbox 248 1059 327 1116; x_wconf 90' lang='lat' dir='ltr'>sane</span> <span class='ocrx_word' id='word_1_52' title='bbox 358 1054 400 1117; x_wconf 94' lang='lat' dir='ltr'>ad</span> <span class='ocrx_word' id='word_1_53' title='bbox 432 1060 497 1120; x_wconf 87' lang='lat' dir='ltr'>iter</span> <span class='ocrx_word' id='word_1_54' title='bbox 527 1078 588 1141; x_wconf 87' lang='lat' dir='ltr'>per</span> <span class='ocrx_word' id='word_1_55' title='bbox 619 1064 727 1126; x_wconf 69' lang='lat' dir='ltr'>adrem</span> <span class='ocrx_word' id='word_1_56' title='bbox 756 1069 943 1135; x_wconf 85' lang='lat' dir='ltr'>iaciendum</span> <span class='ocrx_word' id='word_1_57' title='bbox 975 1083 1166 1150; x_wconf 83' lang='lat' dir='ltr'>suffecisset.</span> 
     </span>
    </p>
   </div>
   <div class='ocr_carea' id='block_1_3' title="bbox 134 1134 1168 1330">
    <p class='ocr_par' dir='ltr' id='par_1_3' title="bbox 134 1134 1168 1330">
     <span class='ocr_line' id='line_1_8' title="bbox 135 1134 1168 1240; baseline 0.036 -46"><span class='ocrx_word' id='word_1_58' title='bbox 135 1134 174 1194; x_wconf 87' lang='lat' dir='ltr'>ln</span> <span class='ocrx_word' id='word_1_59' title='bbox 195 1140 374 1218; x_wconf 90' lang='lat' dir='ltr'>propatulo</span> <span class='ocrx_word' id='word_1_60' title='bbox 397 1151 446 1202; x_wconf 89' lang='lat' dir='ltr'>est</span> <span class='ocrx_word' id='word_1_61' title='bbox 468 1145 590 1224; x_wconf 87' lang='lat' dir='ltr'>situm,</span> <span class='ocrx_word' id='word_1_62' title='bbox 628 1167 694 1208; x_wconf 93' lang='lat' dir='ltr'>non</span> <span class='ocrx_word' id='word_1_63' title='bbox 716 1170 812 1232; x_wconf 88' lang='lat' dir='ltr'>posse</span> <span class='ocrx_word' id='word_1_64' title='bbox 834 1152 874 1215; x_wconf 91' lang='lat' dir='ltr'>de</span> <span class='ocrx_word' id='word_1_65' title='bbox 895 1159 1047 1240; x_wconf 87' lang='lat' dir='ltr'>pluribus</span> <span class='ocrx_word' id='word_1_66' title='bbox 1069 1169 1168 1231; x_wconf 89' lang='lat' dir='ltr'>itine-</span> 
     </span>
     <span class='ocr_line' id='line_1_9' title="bbox 134 1220 1168 1330; baseline 0.036 -52"><span class='ocrx_word' id='word_1_67' title='bbox 134 1220 183 1279; x_wconf 85' lang='lat' dir='ltr'>ris</span> <span class='ocrx_word' id='word_1_68' title='bbox 204 1221 350 1284; x_wconf 81' lang='lat' dir='ltr'>faciendi</span> <span class='ocrx_word' id='word_1_69' title='bbox 364 1222 555 1288; x_wconf 67' lang='lat' dir='ltr'>‘rationibus</span> <span class='ocrx_word' id='word_1_70' title='bbox 576 1232 675 1292; x_wconf 90' lang='lat' dir='ltr'>simul</span> <span class='ocrx_word' id='word_1_71' title='bbox 698 1236 880 1313; x_wconf 88' lang='lat' dir='ltr'>conjunctis</span> <span class='ocrx_word' id='word_1_72' title='bbox 902 1249 1055 1330; x_wconf 79' lang='lat' dir='ltr'>cogitari.</span> <span class='ocrx_word' id='word_1_73' title='bbox 1110 1253 1168 1316; x_wconf 81' lang='lat' dir='ltr'>At-</span> 
     </span>
    </p>
   </div>
   <div class='ocr_carea' id='block_1_4' title="bbox 85 1306 1233 3850">
    <p class='ocr_par' dir='ltr' id='par_1_4' title="bbox 85 1306 1233 3020">
     <span class='ocr_line' id='line_1_10' title="bbox 135 1306 1168 1412; baseline 0.037 -49"><span class='ocrx_word' id='word_1_74' title='bbox 135 1306 193 1384; x_wconf 87' lang='lat' dir='ltr'>qui</span> <span class='ocrx_word' id='word_1_75' title='bbox 222 1307 322 1368; x_wconf 90' lang='lat' dir='ltr'>tertio</span> <span class='ocrx_word' id='word_1_76' title='bbox 344 1328 442 1371; x_wconf 87' lang='lat' dir='ltr'>versu</span> <span class='ocrx_word' id='word_1_77' title='bbox 463 1309 523 1372; x_wconf 88' lang='lat' dir='ltr'>dea</span> <span class='ocrx_word' id='word_1_78' title='bbox 544 1316 625 1376; x_wconf 84' lang='lat' dir='ltr'>satis</span> <span class='ocrx_word' id='word_1_79' title='bbox 647 1322 829 1399; x_wconf 78' lang='lat' dir='ltr'>perspicuis</span> <span class='ocrx_word' id='word_1_80' title='bbox 850 1327 960 1390; x_wconf 81' lang='lat' dir='ltr'>verbis</span> <span class='ocrx_word' id='word_1_81' title='bbox 982 1330 1089 1412; x_wconf 73' lang='lat' dir='ltr'>dicit,</span> <span class='ocrx_word' id='word_1_82' title='bbox 1132 1359 1168 1401; x_wconf 90' lang='lat' dir='ltr'>se</span> 
     </span>
     <span class='ocr_line' id='line_1_11' title="bbox 134 1395 1167 1484; baseline 0.035 -36"><span class='ocrx_word' id='word_1_83' title='bbox 134 1407 237 1450; x_wconf 86' lang='lat' dir='ltr'>curru</span> <span class='ocrx_word' id='word_1_84' title='bbox 258 1400 385 1453; x_wconf 82' lang='lat' dir='ltr'>vectam</span> <span class='ocrx_word' id='word_1_85' title='bbox 407 1414 486 1456; x_wconf 89' lang='lat' dir='ltr'>esse.</span> <span class='ocrx_word' id='word_1_86' title='bbox 530 1395 607 1458; x_wconf 88' lang='lat' dir='ltr'>Non</span> <span class='ocrx_word' id='word_1_87' title='bbox 629 1401 753 1482; x_wconf 88' lang='lat' dir='ltr'>liquet,</span> <span class='ocrx_word' id='word_1_88' title='bbox 784 1414 896 1470; x_wconf 86' lang='lat' dir='ltr'>utrum</span> <span class='ocrx_word' id='word_1_89' title='bbox 918 1413 947 1472; x_wconf 91' lang='lat' dir='ltr'>is</span> <span class='ocrx_word' id='word_1_90' title='bbox 969 1416 1075 1480; x_wconf 85' lang='lat' dir='ltr'>alatus</span> <span class='ocrx_word' id='word_1_91' title='bbox 1097 1425 1167 1484; x_wconf 89' lang='lat' dir='ltr'>fue-</span> 
     </span>
     <span class='ocr_line' id='line_1_12' title="bbox 132 1475 1167 1578; baseline 0.035 -45"><span class='ocrx_word' id='word_1_92' title='bbox 132 1475 202 1546; x_wconf 86' lang='lat' dir='ltr'>rit,</span> <span class='ocrx_word' id='word_1_93' title='bbox 242 1494 283 1536; x_wconf 94' lang='lat' dir='ltr'>au</span> <span class='ocrx_word' id='word_1_94' title='bbox 313 1495 418 1557; x_wconf 88' lang='lat' dir='ltr'>equos</span> <span class='ocrx_word' id='word_1_95' title='bbox 446 1479 575 1556; x_wconf 87' lang='lat' dir='ltr'>junctos</span> <span class='ocrx_word' id='word_1_96' title='bbox 605 1483 759 1548; x_wconf 87' lang='lat' dir='ltr'>habuerit</span> <span class='ocrx_word' id='word_1_97' title='bbox 788 1491 851 1552; x_wconf 91' lang='lat' dir='ltr'>alis</span> <span class='ocrx_word' id='word_1_98' title='bbox 885 1496 1082 1578; x_wconf 85' lang='lat' dir='ltr'>instructos,</span> <span class='ocrx_word' id='word_1_99' title='bbox 1124 1527 1167 1568; x_wconf 91' lang='lat' dir='ltr'>au</span> 
     </span>
     <span class='ocr_line' id='line_1_13' title="bbox 131 1563 1167 1672; baseline 0.036 -56"><span class='ocrx_word' id='word_1_100' title='bbox 131 1566 310 1640; x_wconf 89' lang='lat' dir='ltr'>utrumque</span> <span class='ocrx_word' id='word_1_101' title='bbox 331 1563 451 1638; x_wconf 87' lang='lat' dir='ltr'>simul,</span> <span class='ocrx_word' id='word_1_102' title='bbox 491 1585 533 1625; x_wconf 90' lang='lat' dir='ltr'>an</span> <span class='ocrx_word' id='word_1_103' title='bbox 554 1576 708 1630; x_wconf 85' lang='lat' dir='ltr'>neutrum</span> <span class='ocrx_word' id='word_1_104' title='bbox 732 1573 840 1637; x_wconf 90' lang='lat' dir='ltr'>locum</span> <span class='ocrx_word' id='word_1_105' title='bbox 863 1578 1035 1658; x_wconf 83' lang='lat' dir='ltr'>habuerit3</span> <span class='ocrx_word' id='word_1_106' title='bbox 1079 1591 1167 1672; x_wconf 90' lang='lat' dir='ltr'>apud</span> 
     </span>
     <span class='ocr_line' id='line_1_14' title="bbox 128 1640 1167 1746; baseline 0.036 -44"><span class='ocrx_word' id='word_1_107' title='bbox 128 1640 246 1722; x_wconf 84' lang='lat' dir='ltr'>Eurip.</span> <span class='ocrx_word' id='word_1_108' title='bbox 258 1642 365 1729; x_wconf 82' lang='lat' dir='ltr'>lpnig.</span> <span class='ocrx_word' id='word_1_109' title='bbox 377 1645 489 1712; x_wconf 86' lang='lat' dir='ltr'>Aulid.</span> <span class='ocrx_word' id='word_1_110' title='bbox 502 1648 558 1710; x_wconf 89' lang='lat' dir='ltr'>Vs.</span> <span class='ocrx_word' id='word_1_111' title='bbox 570 1653 632 1714; x_wconf 81' lang='lat'>250</span> <span class='ocrx_word' id='word_1_112' title='bbox 643 1673 691 1735; x_wconf 91' lang='lat' dir='ltr'>sq.</span> <span class='ocrx_word' id='word_1_113' title='bbox 704 1655 779 1733; x_wconf 77' lang='lat'>(242</span> <span class='ocrx_word' id='word_1_114' title='bbox 790 1679 838 1740; x_wconf 89' lang='lat' dir='ltr'>sq.</span> <span class='ocrx_word' id='word_1_115' title='bbox 851 1659 989 1746; x_wconf 88' lang='lat' dir='ltr'>Matth.)</span> <span class='ocrx_word' id='word_1_116' title='bbox 1012 1669 1167 1738; x_wconf 89' lang='lat' dir='ltr'>Minerva</span> 
     </span>
     <span class='ocr_line' id='line_1_15' title="bbox 132 1727 1165 1827; baseline 0.037 -44"><span class='ocrx_word' id='word_1_117' title='bbox 132 1727 298 1808; x_wconf 83' lang='lat' dir='ltr'>»equestri</span> <span class='ocrx_word' id='word_1_118' title='bbox 315 1729 403 1790; x_wconf 88' lang='lat' dir='ltr'>alato</span> <span class='ocrx_word' id='word_1_119' title='bbox 423 1750 542 1793; x_wconf 83' lang='lat' dir='ltr'>curru«</span> <span class='ocrx_word' id='word_1_120' title='bbox 564 1737 681 1798; x_wconf 84' lang='lat' dir='ltr'>utitur.</span> <span class='ocrx_word' id='word_1_121' title='bbox 723 1740 841 1824; x_wconf 86' lang='lat' dir='ltr'>Neque</span> <span class='ocrx_word' id='word_1_122' title='bbox 858 1766 939 1827; x_wconf 91' lang='lat' dir='ltr'>opus</span> <span class='ocrx_word' id='word_1_123' title='bbox 956 1746 1029 1814; x_wconf 86' lang='lat' dir='ltr'>erat</span> <span class='ocrx_word' id='word_1_124' title='bbox 1044 1755 1085 1818; x_wconf 91' lang='lat' dir='ltr'>de</span> <span class='ocrx_word' id='word_1_125' title='bbox 1103 1760 1165 1822; x_wconf 91' lang='lat' dir='ltr'>illo</span> 
     </span>
     <span class='ocr_line' id='line_1_16' title="bbox 128 1812 1166 1915; baseline 0.034 -43"><span class='ocrx_word' id='word_1_126' title='bbox 128 1812 292 1890; x_wconf 81' lang='lat' dir='ltr'>expressis</span> <span class='ocrx_word' id='word_1_127' title='bbox 306 1812 416 1876; x_wconf 87' lang='lat' dir='ltr'>verbis</span> <span class='ocrx_word' id='word_1_128' title='bbox 431 1818 636 1902; x_wconf 80' lang='lat' dir='ltr'>siguificare,</span> <span class='ocrx_word' id='word_1_129' title='bbox 659 1824 737 1908; x_wconf 89' lang='lat' dir='ltr'>quia</span> <span class='ocrx_word' id='word_1_130' title='bbox 752 1830 888 1909; x_wconf 88' lang='lat' dir='ltr'>nsciis,</span> <span class='ocrx_word' id='word_1_131' title='bbox 911 1853 997 1915; x_wconf 87' lang='lat' dir='ltr'>quos·</span> <span class='ocrx_word' id='word_1_132' title='bbox 1010 1837 1166 1908; x_wconf 87' lang='lat' dir='ltr'>Minerva</span> 
     </span>
     <span class='ocr_line' id='line_1_17' title="bbox 128 1894 1165 2004; baseline 0.039 -53"><span class='ocrx_word' id='word_1_133' title='bbox 128 1894 257 1975; x_wconf 82' lang='lat' dir='ltr'>alloqui</span> <span class='ocrx_word' id='word_1_134' title='bbox 278 1895 433 1982; x_wconf 83' lang='lat' dir='ltr'>fingitur,</span> <span class='ocrx_word' id='word_1_135' title='bbox 463 1921 524 1963; x_wconf 89' lang='lat' dir='ltr'>nec</span> <span class='ocrx_word' id='word_1_136' title='bbox 544 1901 799 1972; x_wconf 82' lang='lat' dir='ltr'>Atheniensibus</span> <span class='ocrx_word' id='word_1_137' title='bbox 820 1915 964 1980; x_wconf 89' lang='lat' dir='ltr'>fabulam</span> <span class='ocrx_word' id='word_1_138' title='bbox 987 1932 1165 2004; x_wconf 85' lang='lat' dir='ltr'>spectanti-</span> 
     </span>
     <span class='ocr_line' id='line_1_18' title="bbox 130 1978 1164 2088; baseline 0.039 -52"><span class='ocrx_word' id='word_1_139' title='bbox 130 1978 212 2052; x_wconf 88' lang='lat' dir='ltr'>bus,</span> <span class='ocrx_word' id='word_1_140' title='bbox 255 1999 353 2062; x_wconf 90' lang='lat' dir='ltr'>quum</span> <span class='ocrx_word' id='word_1_141' title='bbox 384 1991 418 2044; x_wconf 89' lang='lat' dir='ltr'>st</span> <span class='ocrx_word' id='word_1_142' title='bbox 440 1987 516 2068; x_wconf 91' lang='lat' dir='ltr'>equi</span> <span class='ocrx_word' id='word_1_143' title='bbox 540 1996 573 2049; x_wconf 87' lang='lat' dir='ltr'>et</span> <span class='ocrx_word' id='word_1_144' title='bbox 595 2008 711 2052; x_wconf 88' lang='lat' dir='ltr'>currus</span> <span class='ocrx_word' id='word_1_145' title='bbox 733 1995 770 2054; x_wconf 90' lang='lat' dir='ltr'>in</span> <span class='ocrx_word' id='word_1_146' title='bbox 791 2017 887 2062; x_wconf 89' lang='lat' dir='ltr'>scena</span> <span class='ocrx_word' id='word_1_147' title='bbox 909 2001 1079 2088; x_wconf 84' lang='lat' dir='ltr'>adessent,</span> <span class='ocrx_word' id='word_1_148' title='bbox 1123 2012 1164 2077; x_wconf 89' lang='lat' dir='ltr'>de</span> 
     </span>
     <span class='ocr_line' id='line_1_19' title="bbox 127 2062 1163 2176; baseline 0.037 -55"><span class='ocrx_word' id='word_1_149' title='bbox 127 2081 166 2123; x_wconf 88' lang='lat' dir='ltr'>re</span> <span class='ocrx_word' id='word_1_150' title='bbox 187 2064 255 2124; x_wconf 91' lang='lat' dir='ltr'>ulla</span> <span class='ocrx_word' id='word_1_151' title='bbox 280 2062 444 2130; x_wconf 83' lang='lat' dir='ltr'>dubitatio</span> <span class='ocrx_word' id='word_1_152' title='bbox 467 2071 552 2131; x_wconf 88' lang='lat' dir='ltr'>oriri</span> <span class='ocrx_word' id='word_1_153' title='bbox 575 2082 715 2153; x_wconf 86' lang='lat' dir='ltr'>poterat.</span> <span class='ocrx_word' id='word_1_154' title='bbox 775 2080 1047 2168; x_wconf 64' lang='lat' dir='ltr'>attentavero,</span> <span class='ocrx_word' id='word_1_155' title='bbox 1081 2097 1163 2176; x_wconf 89' lang='lat' dir='ltr'>obji-</span> 
     </span>
     <span class='ocr_line' id='line_1_20' title="bbox 127 2147 1177 2258; baseline 0.037 -53"><span class='ocrx_word' id='word_1_156' title='bbox 127 2147 197 2209; x_wconf 84' lang='lat' dir='ltr'>ciat</span> <span class='ocrx_word' id='word_1_157' title='bbox 224 2148 365 2230; x_wconf 87' lang='lat' dir='ltr'>aliquis,</span> <span class='ocrx_word' id='word_1_158' title='bbox 408 2153 438 2213; x_wconf 89' lang='lat' dir='ltr'>si</span> <span class='ocrx_word' id='word_1_159' title='bbox 470 2173 571 2216; x_wconf 87' lang='lat' dir='ltr'>curru</span> <span class='ocrx_word' id='word_1_160' title='bbox 589 2168 683 2220; x_wconf 86' lang='lat' dir='ltr'>vecta</span> <span class='ocrx_word' id='word_1_161' title='bbox 712 2161 757 2224; x_wconf 86' lang='lat' dir='ltr'>sit</span> <span class='ocrx_word' id='word_1_162' title='bbox 778 2163 951 2248; x_wconf 87' lang='lat' dir='ltr'>Minerva,</span> <span class='ocrx_word' id='word_1_163' title='bbox 995 2176 1074 2258; x_wconf 91' lang='lat' dir='ltr'>quid</span> <span class='ocrx_word' id='word_1_164' title='bbox 1097 2185 1177 2244; x_wconf 84' lang='lat' dir='ltr'>sibi·</span> 
     </span>
     <span class='ocr_line' id='line_1_21' title="bbox 126 2232 1162 2342; baseline 0.033 -48"><span class='ocrx_word' id='word_1_165' title='bbox 126 2232 274 2294; x_wconf 84' lang='lat' dir='ltr'>voluerit</span> <span class='ocrx_word' id='word_1_166' title='bbox 303 2233 419 2320; x_wconf 78' lang='lat' dir='ltr'>aegide</span> <span class='ocrx_word' id='word_1_167' title='bbox 449 2237 485 2298; x_wconf 89' lang='lat' dir='ltr'>in</span> <span class='ocrx_word' id='word_1_168' title='bbox 515 2238 648 2303; x_wconf 88' lang='lat' dir='ltr'>modum</span> <span class='ocrx_word' id='word_1_169' title='bbox 669 2247 738 2310; x_wconf 87' lang='lat' dir='ltr'>veli</span> <span class='ocrx_word' id='word_1_170' title='bbox 764 2269 885 2329; x_wconf 80' lang='lat' dir='ltr'>pansa3</span> <span class='ocrx_word' id='word_1_171' title='bbox 930 2275 1069 2342; x_wconf 89' lang='lat' dir='ltr'>namque</span> <span class='ocrx_word' id='word_1_172' title='bbox 1098 2266 1162 2328; x_wconf 90' lang='lat' dir='ltr'>hoc</span> 
     </span>
     <span class='ocr_line' id='line_1_22' title="bbox 125 2313 1162 2413; baseline 0.038 -39"><span class='ocrx_word' id='word_1_173' title='bbox 125 2313 364 2380; x_wconf 83' lang='lat' dir='ltr'>adminiculum</span> <span class='ocrx_word' id='word_1_174' title='bbox 396 2322 524 2383; x_wconf 87' lang='lat' dir='ltr'>nullum</span> <span class='ocrx_word' id='word_1_175' title='bbox 555 2345 624 2388; x_wconf 87' lang='lat' dir='ltr'>esse</span> <span class='ocrx_word' id='word_1_176' title='bbox 655 2333 823 2410; x_wconf 86' lang='lat' dir='ltr'>potuisse,</span> <span class='ocrx_word' id='word_1_177' title='bbox 867 2349 958 2401; x_wconf 89' lang='lat' dir='ltr'>recte</span> <span class='ocrx_word' id='word_1_178' title='bbox 991 2348 1162 2413; x_wconf 87' lang='lat' dir='ltr'>contendit</span> 
     </span>
     <span class='ocr_line' id='line_1_23' title="bbox 126 2399 1161 2504; baseline 0.034 -43"><span class='ocrx_word' id='word_1_179' title='bbox 126 2399 348 2467; x_wconf 84' lang='lat' dir='ltr'>Hermanuus.</span> <span class='ocrx_word' id='word_1_180' title='bbox 411 2405 558 2470; x_wconf 90' lang='lat' dir='ltr'>Praeivit</span> <span class='ocrx_word' id='word_1_181' title='bbox 584 2411 677 2471; x_wconf 90' lang='lat' dir='ltr'>illam</span> <span class='ocrx_word' id='word_1_182' title='bbox 698 2415 874 2480; x_wconf 89' lang='lat' dir='ltr'>verborum</span> <span class='ocrx_word' id='word_1_183' title='bbox 896 2426 1068 2504; x_wconf 76' lang='grc' dir='ltr'><strong><em>ῥοιβδοῦσα</em></strong></span> <span class='ocrx_word' id='word_1_184' title='bbox 1090 2430 1161 2496; x_wconf 82' lang='grc' dir='ltr'><strong><em>κόλ-</em></strong></span> 
     </span>
     <span class='ocr_line' id='line_1_24' title="bbox 125 2481 1160 2581; baseline 0.033 -36"><span class='ocrx_word' id='word_1_185' title='bbox 125 2507 185 2546; x_wconf 83' lang='grc' dir='ltr'>πον</span> <span class='ocrx_word' id='word_1_186' title='bbox 214 2481 331 2566; x_wconf 71' lang='grc' dir='ltr'><strong><em>αἰγίδος</em></strong></span> <span class='ocrx_word' id='word_1_187' title='bbox 362 2490 632 2571; x_wconf 85' lang='lat' dir='ltr'>explicandorum</span> <span class='ocrx_word' id='word_1_188' title='bbox 662 2499 827 2562; x_wconf 87' lang='lat' dir='ltr'>rationem</span> <span class='ocrx_word' id='word_1_189' title='bbox 854 2504 917 2581; x_wconf 89' lang='lat' dir='ltr'>jam</span> <span class='ocrx_word' id='word_1_190' title='bbox 947 2510 1160 2580; x_wconf 86' lang='lat' dir='ltr'>scholiastes:</span> 
     </span>
     <span class='ocr_line' id='line_1_25' title="bbox 127 2566 1233 2674; baseline 0.033 -43"><span class='ocrx_word' id='word_1_191' title='bbox 127 2566 241 2632; x_wconf 74' lang='lat' dir='ltr'>sitam</span> <span class='ocrx_word' id='word_1_192' title='bbox 269 2571 400 2652; x_wconf 80' lang='grc' dir='ltr'>αἰγίδος)</span> <span class='ocrx_word' id='word_1_193' title='bbox 441 2575 484 2648; x_wconf 75' lang='grc' dir='ltr'>ὥς</span> <span class='ocrx_word' id='word_1_194' title='bbox 518 2571 638 2660; x_wconf 80' lang='grc' dir='ltr'><strong><em>ἄρμένῳ</em></strong></span> <span class='ocrx_word' id='word_1_195' title='bbox 671 2582 810 2664; x_wconf 73' lang='grc' dir='ltr'><em>χρωμένη</em></span> <span class='ocrx_word' id='word_1_196' title='bbox 849 2589 888 2674; x_wconf 77' lang='grc' dir='ltr'>τῇ</span> <span class='ocrx_word' id='word_1_197' title='bbox 923 2592 1026 2672; x_wconf 75' lang='grc' dir='ltr'><strong><em>αἰγίδι.</em></strong></span> <span class='ocrx_word' id='word_1_198' title='bbox 1092 2597 1160 2664; x_wconf 80' lang='lat' dir='ltr'>Sed</span> <span class='ocrx_word' id='word_1_199' title='bbox 1230 2633 1233 2638; x_wconf 23' lang='grc' dir='ltr'><strong>Δ</strong></span> 
     </span>
     <span class='ocr_line' id='line_1_26' title="bbox 126 2653 1159 2770; baseline 0.033 -56"><span class='ocrx_word' id='word_1_200' title='bbox 126 2653 209 2715; x_wconf 87' lang='lat' dir='ltr'>haec</span> <span class='ocrx_word' id='word_1_201' title='bbox 230 2664 278 2717; x_wconf 88' lang='lat' dir='ltr'>est</span> <span class='ocrx_word' id='word_1_202' title='bbox 300 2657 472 2720; x_wconf 81' lang='lat' dir='ltr'>falsissima</span> <span class='ocrx_word' id='word_1_203' title='bbox 495 2663 685 2743; x_wconf 86' lang='lat' dir='ltr'>explicatio.</span> <span class='ocrx_word' id='word_1_204' title='bbox 722 2665 833 2730; x_wconf 88' lang='lat' dir='ltr'>Verba</span> <span class='ocrx_word' id='word_1_205' title='bbox 854 2673 925 2754; x_wconf 90' lang='lat' dir='ltr'>ipsa</span> <span class='ocrx_word' id='word_1_206' title='bbox 947 2679 1035 2742; x_wconf 86' lang='lat' dir='ltr'>nibil</span> <span class='ocrx_word' id='word_1_207' title='bbox 1056 2683 1159 2770; x_wconf 76' lang='lat' dir='ltr'>signi-</span> 
     </span>
     <span class='ocr_line' id='line_1_27' title="bbox 125 2739 1157 2852; baseline 0.033 -53"><span class='ocrx_word' id='word_1_208' title='bbox 125 2739 241 2816; x_wconf 88' lang='lat' dir='ltr'>ficant,</span> <span class='ocrx_word' id='word_1_209' title='bbox 274 2742 359 2802; x_wconf 88' lang='lat' dir='ltr'>nisi:</span> <span class='ocrx_word' id='word_1_210' title='bbox 393 2751 586 2828; x_wconf 87' lang='lat' dir='ltr'>strepere</span> <span class='ocrx_word' id='word_1_211' title='bbox 613 2751 776 2813; x_wconf 86' lang='lat' dir='ltr'>faciens</span> <span class='ocrx_word' id='word_1_212' title='bbox 805 2757 941 2822; x_wconf 88' lang='lat' dir='ltr'>sinum</span> <span class='ocrx_word' id='word_1_213' title='bbox 971 2767 1157 2852; x_wconf 76' lang='lat' dir='ltr'>aegidis,</span> 
     </span>
     <span class='ocr_line' id='line_1_28' title="bbox 124 2820 1158 2936; baseline 0.034 -53"><span class='ocrx_word' id='word_1_214' title='bbox 124 2820 223 2906; x_wconf 89' lang='lat' dir='ltr'>quod·</span> <span class='ocrx_word' id='word_1_215' title='bbox 237 2825 310 2905; x_wconf 91' lang='lat' dir='ltr'>quis</span> <span class='ocrx_word' id='word_1_216' title='bbox 332 2827 463 2889; x_wconf 86' lang='lat' dir='ltr'>tandem</span> <span class='ocrx_word' id='word_1_217' title='bbox 484 2833 533 2893; x_wconf 91' lang='lat' dir='ltr'>sic</span> <span class='ocrx_word' id='word_1_218' title='bbox 554 2832 739 2920; x_wconf 79' lang='lat' dir='ltr'>intelliget,</span> <span class='ocrx_word' id='word_1_219' title='bbox 765 2842 858 2920; x_wconf 89' lang='lat' dir='ltr'>quasi</span> <span class='ocrx_word' id='word_1_220' title='bbox 879 2841 1035 2911; x_wconf 86' lang='lat' dir='ltr'>Minerva</span> <span class='ocrx_word' id='word_1_221' title='bbox 1057 2851 1158 2936; x_wconf 87' lang='lat' dir='ltr'>dicat,</span> 
     </span>
     <span class='ocr_line' id='line_1_29' title="bbox 85 2907 1157 3020; baseline 0.032 -52"><span class='ocrx_word' id='word_1_222' title='bbox 85 2979 88 2984; x_wconf 25' lang='grc' dir='ltr'>Ι</span> <span class='ocrx_word' id='word_1_223' title='bbox 123 2929 159 2970; x_wconf 86' lang='lat' dir='ltr'>se</span> <span class='ocrx_word' id='word_1_224' title='bbox 181 2907 296 2994; x_wconf 75' lang='lat' dir='ltr'>aegide</span> <span class='ocrx_word' id='word_1_225' title='bbox 318 2930 379 2992; x_wconf 93' lang='lat' dir='ltr'>pro</span> <span class='ocrx_word' id='word_1_226' title='bbox 402 2913 475 2974; x_wconf 88' lang='lat' dir='ltr'>velo</span> <span class='ocrx_word' id='word_1_227' title='bbox 496 2934 587 2976; x_wconf 88' lang='lat' dir='ltr'>usam</span> <span class='ocrx_word' id='word_1_228' title='bbox 610 2925 704 2981; x_wconf 82' lang='lat' dir='ltr'>esse?</span> <span class='ocrx_word' id='word_1_229' title='bbox 760 2922 945 3006; x_wconf 86' lang='lat' dir='ltr'>Heathius‚</span> <span class='ocrx_word' id='word_1_230' title='bbox 982 2944 1157 3020; x_wconf 89' lang='lat' dir='ltr'>postquam</span> 
     </span>
    </p>

    <p class='ocr_par' dir='ltr' id='par_1_5' title="bbox 119 2994 1158 3850">
     <span class='ocr_line' id='line_1_30' title="bbox 122 2994 1158 3105; baseline 0.032 -52"><span class='ocrx_word' id='word_1_231' title='bbox 122 3013 163 3054; x_wconf 88' lang='lat' dir='ltr'>ea</span> <span class='ocrx_word' id='word_1_232' title='bbox 185 2994 304 3070; x_wconf 87' lang='lat' dir='ltr'>verba,</span> <span class='ocrx_word' id='word_1_233' title='bbox 338 3014 420 3078; x_wconf 89' lang='lat' dir='ltr'>quae</span> <span class='ocrx_word' id='word_1_234' title='bbox 442 3017 542 3079; x_wconf 90' lang='lat' dir='ltr'>supra</span> <span class='ocrx_word' id='word_1_235' title='bbox 564 3005 816 3085; x_wconf 83' lang='lat' dir='ltr'>exscripsimus,</span> <span class='ocrx_word' id='word_1_236' title='bbox 849 3017 981 3092; x_wconf 86' lang='lat' dir='ltr'>posuit,</span> <span class='ocrx_word' id='word_1_237' title='bbox 1013 3021 1061 3081; x_wconf 85' lang='lat' dir='ltr'>ita</span> <span class='ocrx_word' id='word_1_238' title='bbox 1082 3043 1158 3105; x_wconf 87' lang='lat' dir='ltr'>per-</span> 
     </span>
     <span class='ocr_line' id='line_1_31' title="bbox 123 3078 1157 3180; baseline 0.032 -43"><span class='ocrx_word' id='word_1_239' title='bbox 123 3078 194 3162; x_wconf 75' lang='lat' dir='ltr'>git:</span> <span class='ocrx_word' id='word_1_240' title='bbox 230 3078 362 3140; x_wconf 80' lang='lat' dir='ltr'>»Altera</span> <span class='ocrx_word' id='word_1_241' title='bbox 384 3100 464 3142; x_wconf 87' lang='lat' dir='ltr'>vcro</span> <span class='ocrx_word' id='word_1_242' title='bbox 485 3084 562 3159; x_wconf 86' lang='lat' dir='ltr'>illa,</span> <span class='ocrx_word' id='word_1_243' title='bbox 591 3089 767 3168; x_wconf 74' lang='grc' dir='ltr'><strong><em>ῥοιβδοῦσα</em></strong></span> <span class='ocrx_word' id='word_1_244' title='bbox 788 3090 901 3158; x_wconf 77' lang='grc' dir='ltr'><strong><em>κόλπον</em></strong></span> <span class='ocrx_word' id='word_1_245' title='bbox 924 3100 1058 3180; x_wconf 79' lang='grc' dir='ltr'><strong><em>αἰγίδος,</em></strong></span> <span class='ocrx_word' id='word_1_246' title='bbox 1093 3107 1157 3170; x_wconf 88' lang='lat' dir='ltr'>hoc</span> 
     </span>
     <span class='ocr_line' id='line_1_32' title="bbox 121 3165 1158 3256; baseline 0.032 -32"><span class='ocrx_word' id='word_1_247' title='bbox 121 3170 251 3224; x_wconf 83' lang='lat' dir='ltr'>tantum</span> <span class='ocrx_word' id='word_1_248' title='bbox 275 3165 484 3245; x_wconf 81' lang='lat' dir='ltr'>exprimunt,</span> <span class='ocrx_word' id='word_1_249' title='bbox 517 3189 633 3250; x_wconf 90' lang='lat' dir='ltr'>nempe</span> <span class='ocrx_word' id='word_1_250' title='bbox 655 3172 748 3236; x_wconf 91' lang='lat' dir='ltr'>deam</span> <span class='ocrx_word' id='word_1_251' title='bbox 771 3184 863 3240; x_wconf 92' lang='lat' dir='ltr'>tanta</span> <span class='ocrx_word' id='word_1_252' title='bbox 884 3200 959 3245; x_wconf 89' lang='lat' dir='ltr'>cum</span> <span class='ocrx_word' id='word_1_253' title='bbox 980 3189 1158 3256; x_wconf 88' lang='lat' dir='ltr'>velocitate</span> 
     </span>
     <span class='ocr_line' id='line_1_33' title="bbox 122 3249 1157 3358; baseline 0.031 -51"><span class='ocrx_word' id='word_1_254' title='bbox 122 3249 200 3311; x_wconf 68' lang='lat' dir='ltr'>adra</span> <span class='ocrx_word' id='word_1_255' title='bbox 228 3255 404 3324; x_wconf 81' lang='lat' dir='ltr'>tranasse„</span> <span class='ocrx_word' id='word_1_256' title='bbox 440 3260 477 3310; x_wconf 90' lang='lat' dir='ltr'>ut</span> <span class='ocrx_word' id='word_1_257' title='bbox 505 3272 545 3312; x_wconf 85' lang='lat' dir='ltr'>ex</span> <span class='ocrx_word' id='word_1_258' title='bbox 574 3256 646 3336; x_wconf 89' lang='lat' dir='ltr'>ipso</span> <span class='ocrx_word' id='word_1_259' title='bbox 669 3261 776 3321; x_wconf 88' lang='lat' dir='ltr'>motus</span> <span class='ocrx_word' id='word_1_260' title='bbox 806 3265 1009 3332; x_wconf 88' lang='lat' dir='ltr'>incitatioris</span> <span class='ocrx_word' id='word_1_261' title='bbox 1031 3274 1157 3358; x_wconf 90' lang='lat' dir='ltr'>impetu</span> 
     </span>
     <span class='ocr_line' id='line_1_34' title="bbox 121 3328 1155 3439; baseline 0.031 -47"><span class='ocrx_word' id='word_1_262' title='bbox 121 3328 280 3392; x_wconf 86' lang='lat' dir='ltr'>strideret</span> <span class='ocrx_word' id='word_1_263' title='bbox 308 3331 434 3418; x_wconf 83' lang='lat' dir='ltr'>aegidis</span> <span class='ocrx_word' id='word_1_264' title='bbox 462 3337 571 3412; x_wconf 88' lang='lat' dir='ltr'>sinus,</span> <span class='ocrx_word' id='word_1_265' title='bbox 616 3341 704 3421; x_wconf 91' lang='lat' dir='ltr'>qnod</span> <span class='ocrx_word' id='word_1_266' title='bbox 731 3364 833 3426; x_wconf 86' lang='lat' dir='ltr'>aeque</span> <span class='ocrx_word' id='word_1_267' title='bbox 860 3355 1006 3416; x_wconf 86' lang='lat' dir='ltr'>evenisse</span> <span class='ocrx_word' id='word_1_268' title='bbox 1034 3363 1155 3439; x_wconf 91' lang='lat' dir='ltr'>potuit,</span> 
     </span>
     <span class='ocr_line' id='line_1_35' title="bbox 121 3415 1156 3510; baseline 0.031 -34"><span class='ocrx_word' id='word_1_269' title='bbox 121 3417 192 3479; x_wconf 84' lang='lat' dir='ltr'>sive</span> <span class='ocrx_word' id='word_1_270' title='bbox 221 3415 381 3497; x_wconf 88' lang='lat' dir='ltr'>pedibus,</span> <span class='ocrx_word' id='word_1_271' title='bbox 415 3421 484 3483; x_wconf 89' lang='lat' dir='ltr'>sive</span> <span class='ocrx_word' id='word_1_272' title='bbox 506 3440 608 3484; x_wconf 89' lang='lat' dir='ltr'>curru</span> <span class='ocrx_word' id='word_1_273' title='bbox 632 3426 747 3490; x_wconf 86' lang='lat' dir='ltr'>luisset</span> <span class='ocrx_word' id='word_1_274' title='bbox 774 3448 855 3506; x_wconf 82' lang='lat' dir='ltr'>usa3</span> <span class='ocrx_word' id='word_1_275' title='bbox 900 3455 975 3499; x_wconf 88' lang='lat' dir='ltr'>nam</span> <span class='ocrx_word' id='word_1_276' title='bbox 999 3443 1156 3510; x_wconf 73' lang='lat' dir='ltr'>elissam</span> 
     </span>
     <span class='ocr_line' id='line_1_36' title="bbox 122 3501 1155 3604; baseline 0.023 -46"><span class='ocrx_word' id='word_1_277' title='bbox 122 3520 188 3562; x_wconf 90' lang='lat' dir='ltr'>non</span> <span class='ocrx_word' id='word_1_278' title='bbox 211 3501 312 3562; x_wconf 86' lang='lat' dir='ltr'>luisse</span> <span class='ocrx_word' id='word_1_279' title='bbox 333 3507 444 3581; x_wconf 74' lang='lat' dir='ltr'>usam,</span> <span class='ocrx_word' id='word_1_280' title='bbox 478 3503 601 3570; x_wconf 88' lang='lat' dir='ltr'>diserte</span> <span class='ocrx_word' id='word_1_281' title='bbox 621 3522 854 3574; x_wconf 73' lang='lat' dir='ltr'>memoratum«</span> <span class='ocrx_word' id='word_1_282' title='bbox 903 3521 1012 3604; x_wconf 68' lang='lat' dir='ltr'>Atque</span> <span class='ocrx_word' id='word_1_283' title='bbox 1033 3527 1069 3587; x_wconf 80' lang='lat' dir='ltr'>in</span> <span class='ocrx_word' id='word_1_284' title='bbox 1093 3529 1155 3591; x_wconf 72' lang='lat' dir='ltr'>hac</span> 
     </span>
     <span class='ocr_line' id='line_1_37' title="bbox 119 3586 1155 3688; baseline 0.031 -43"><span class='ocrx_word' id='word_1_285' title='bbox 119 3586 281 3647; x_wconf 83' lang='lat' dir='ltr'>sententia</span> <span class='ocrx_word' id='word_1_286' title='bbox 304 3606 364 3671; x_wconf 76' lang='lat' dir='ltr'>ego</span> <span class='ocrx_word' id='word_1_287' title='bbox 386 3587 519 3670; x_wconf 92' lang='lat' dir='ltr'>quidem</span> <span class='ocrx_word' id='word_1_288' title='bbox 541 3596 745 3675; x_wconf 90' lang='lat' dir='ltr'>acquiescam</span> <span class='ocrx_word' id='word_1_289' title='bbox 768 3602 901 3682; x_wconf 89' lang='lat' dir='ltr'>potins,</span> <span class='ocrx_word' id='word_1_290' title='bbox 934 3627 1032 3688; x_wconf 89' lang='lat' dir='ltr'>quam</span> <span class='ocrx_word' id='word_1_291' title='bbox 1055 3613 1091 3673; x_wconf 90' lang='lat' dir='ltr'>in</span> <span class='ocrx_word' id='word_1_292' title='bbox 1113 3615 1155 3676; x_wconf 90' lang='lat' dir='ltr'>il-</span> 
     </span>
     <span class='ocr_line' id='line_1_38' title="bbox 121 3669 1151 3769; baseline 0.031 -40"><span class='ocrx_word' id='word_1_293' title='bbox 121 3669 189 3744; x_wconf 73' lang='lat' dir='ltr'>ia„</span> <span class='ocrx_word' id='word_1_294' title='bbox 215 3689 433 3752; x_wconf 86' lang='lat' dir='ltr'>quamquam,</span> <span class='ocrx_word' id='word_1_295' title='bbox 474 3694 516 3734; x_wconf 93' lang='lat' dir='ltr'>an</span> <span class='ocrx_word' id='word_1_296' title='bbox 546 3697 611 3738; x_wconf 89' lang='lat' dir='ltr'>non</span> <span class='ocrx_word' id='word_1_297' title='bbox 640 3681 686 3741; x_wconf 90' lang='lat' dir='ltr'>sit</span> <span class='ocrx_word' id='word_1_298' title='bbox 715 3685 849 3747; x_wconf 78' lang='lat' dir='ltr'>ommno</span> <span class='ocrx_word' id='word_1_299' title='bbox 881 3697 978 3769; x_wconf 90' lang='lat' dir='ltr'>apta,</span> <span class='ocrx_word' id='word_1_300' title='bbox 1023 3693 1151 3762; x_wconf 86' lang='lat' dir='ltr'>dubito.</span> 
     </span>
     <span class='ocr_line' id='line_1_39' title="bbox 121 3752 1153 3850; baseline 0.028 -36"><span class='ocrx_word' id='word_1_301' title='bbox 121 3752 220 3815; x_wconf 80' lang='lat' dir='ltr'>C&#39;e&#39;rte</span> <span class='ocrx_word' id='word_1_302' title='bbox 241 3755 335 3816; x_wconf 81' lang='lat' dir='ltr'>verbi</span> <span class='ocrx_word' id='word_1_303' title='bbox 358 3757 531 3837; x_wconf 78' lang='grc' dir='ltr'><strong><em>ῥοιβδοῦσα</em></strong></span> <span class='ocrx_word' id='word_1_304' title='bbox 549 3763 599 3824; x_wconf 85' lang='lat' dir='ltr'>vis</span> <span class='ocrx_word' id='word_1_305' title='bbox 620 3766 727 3828; x_wconf 87' lang='lat' dir='ltr'>activa</span> <span class='ocrx_word' id='word_1_306' title='bbox 758 3771 869 3850; x_wconf 88' lang='lat' dir='ltr'>potius</span> <span class='ocrx_word' id='word_1_307' title='bbox 901 3793 940 3834; x_wconf 93' lang='lat' dir='ltr'>eo</span> <span class='ocrx_word' id='word_1_308' title='bbox 962 3775 1083 3842; x_wconf 87' lang='lat' dir='ltr'>ducere</span> <span class='ocrx_word' id='word_1_309' title='bbox 1103 3784 1153 3845; x_wconf 89' lang='lat' dir='ltr'>vi-</span> 
     </span>
    </p>
   </div>
   <div class='ocr_carea' id='block_1_5' title="bbox 119 3837 1153 4004">
    <p class='ocr_par' dir='ltr' id='par_1_6' title="bbox 119 3837 1153 4004">
     <span class='ocr_line' id='line_1_40' title="bbox 119 3837 1153 4004; baseline 0.029 -105"><span class='ocrx_word' id='word_1_310' title='bbox 119 3838 233 3986; x_wconf 72' lang='lat' dir='ltr'>dctqr,</span> <span class='ocrx_word' id='word_1_311' title='bbox 266 3837 513 4004; x_wconf 62' lang='lat' dir='ltr'>ut*qlinervam</span> <span class='ocrx_word' id='word_1_312' title='bbox 535 3847 640 3927; x_wconf 89' lang='lat' dir='ltr'>ipsam</span> <span class='ocrx_word' id='word_1_313' title='bbox 662 3850 788 3938; x_wconf 78' lang='lat' dir='ltr'>aegidis</span> <span class='ocrx_word' id='word_1_314' title='bbox 808 3859 986 3938; x_wconf 86' lang='lat' dir='ltr'>strepitum</span> <span class='ocrx_word' id='word_1_315' title='bbox 1009 3862 1153 3928; x_wconf 87' lang='lat' dir='ltr'>edidisse</span> 
     </span>
     <span class='ocr_line' id='line_1_41' title="bbox 120 3941 422 3990; baseline 0.02 -6"><span class='ocrx_word' id='word_1_316' title='bbox 120 3942 177 3986; x_wconf 84' lang='lat' dir='ltr'>cre</span> <span class='ocrx_word' id='word_1_317' title='bbox 201 3941 294 3986; x_wconf 85' lang='lat' dir='ltr'>amus</span> <span class='ocrx_word' id='word_1_318' title='bbox 350 3972 358 3990; x_wconf 89' lang='lat'>.</span> <span class='ocrx_word' id='word_1_319' title='bbox 381 3957 422 3972; x_wconf 86' lang='lat'>·-</span> 
     </span>
    </p>
   </div>
   <div class='ocr_carea' id='block_1_6' title="bbox 121 4039 421 4052">
    <p class='ocr_par' dir='ltr' id='par_1_7' title="bbox 121 4039 421 4052">
     <span class='ocr_line' id='line_1_42' title="bbox 121 4039 421 4052; baseline 0.033 -10"><span class='ocrx_word' id='word_1_320' title='bbox 121 4039 421 4052; x_wconf 39' lang='grc' dir='ltr'>,μη-μη</span> 
     </span>
    </p>
   </div>
   <div class='ocr_carea' id='block_1_7' title="bbox 162 4103 1151 4205">
    <p class='ocr_par' dir='ltr' id='par_1_8' title="bbox 162 4103 1151 4205">
     <span class='ocr_line' id='line_1_43' title="bbox 162 4103 1151 4205; baseline 0.038 -53"><span class='ocrx_word' id='word_1_321' title='bbox 162 4107 188 4168; x_wconf 76' lang='grc'>*)</span> <span class='ocrx_word' id='word_1_322' title='bbox 224 4103 301 4162; x_wconf 80' lang='lat' dir='ltr'>Quae</span> <span class='ocrx_word' id='word_1_323' title='bbox 319 4106 494 4165; x_wconf 75' lang='lat' dir='ltr'>{dermannus</span> <span class='ocrx_word' id='word_1_324' title='bbox 517 4123 663 4179; x_wconf 83' lang='lat' dir='ltr'>praeterea</span> <span class='ocrx_word' id='word_1_325' title='bbox 682 4115 701 4169; x_wconf 91' lang='lat' dir='ltr'>l.</span> <span class='ocrx_word' id='word_1_326' title='bbox 720 4133 744 4170; x_wconf 89' lang='lat' dir='ltr'>c.</span> <span class='ocrx_word' id='word_1_327' title='bbox 773 4135 800 4188; x_wconf 86' lang='lat' dir='ltr'>p.</span> <span class='ocrx_word' id='word_1_328' title='bbox 821 4124 870 4177; x_wconf 83' lang='lat'>175</span> <span class='ocrx_word' id='word_1_329' title='bbox 896 4123 1013 4193; x_wconf 85' lang='lat' dir='ltr'>scripsit</span> <span class='ocrx_word' id='word_1_330' title='bbox 1031 4143 1065 4183; x_wconf 89' lang='lat' dir='ltr'>eo</span> <span class='ocrx_word' id='word_1_331' title='bbox 1086 4130 1151 4205; x_wconf 85' lang='lat' dir='ltr'>fine,</span> 
     </span>
    </p>
   </div>
   <div class='ocr_carea' id='block_1_8' title="bbox 923 4245 947 4316">
    <p class='ocr_par' dir='ltr' id='par_1_9' title="bbox 923 4245 947 4316">
     <span class='ocr_line' id='line_1_44' title="bbox 923 4245 947 4316; baseline 0 0"><span class='ocrx_word' id='word_1_332' title='bbox 923 4245 947 4316; x_wconf 90' lang='grc'><strong>6</strong></span> 
     </span>
    </p>
   </div>
   <div class='ocr_carea' id='block_1_9' title="bbox 0 0 1410 4690">
    <p class='ocr_par' dir='ltr' id='par_1_10' title="bbox 0 0 1410 4690">
     <span class='ocr_line' id='line_1_45' title="bbox 0 0 1410 4690; baseline 0 6"><span class='ocrx_word' id='word_1_333' title='bbox 0 0 1410 4690; x_wconf 95' lang='lat' dir='ltr'> </span> 
     </span>
    </p>
   </div>
  </div>
 </body>
</html>
