2794 4692
219 337 334 416 XCVI

219 537 536 560 W

262 663 263 672 ,
304 616 389 680 nelca
414 608 497 682 pisos
519 605 592 664 eddo.
644 607 720 664 Quid
745 607 840 674 enim,
874 608 899 663 si
917 606 984 678 quis
1004 610 1170 679 contendet,
1205 611 1245 665 oh

321 665 428 740 veritat:
463 677 574 749 stipam
595 682 641 730 uel
662 673 777 744 στρατόν
800 676 969 748 auctoritem
991 691 1020 734 et
1037 677 1161 747 διάτορος
1176 675 1245 733 ocii.-

310 751 387 822 ’πιγξ
405 748 552 820 ὄπέρτονον
569 743 675 818 γήρυμα
698 750 814 815 φαινέτω
835 743 940 816 στρατῷ
961 766 997 802 ne
1016 748 1042 801 id
1062 748 1173 816 quidem
1192 766 1245 802 ne·

321 821 474 878 cessarium
493 835 557 874 esse
582 826 612 870 ut
634 817 755 886 populus
778 815 807 878 in
832 833 915 870 scena
939 819 1038 874 adesse
1063 819 1243 886 lingfatur,

322 892 373 946 sed
391 890 450 960 pati
468 905 502 942 ea
527 887 572 942 nel
598 887 669 939 hanc
689 885 972 954 interpretationem,
1007 898 1037 941 ut
1055 903 1157 956 praeco
1175 903 1244 957 pro-

246 992 249 1001 ·
321 961 424 1015 hibere
440 961 590 1026 jubeatur,
628 956 777 1022 quominus
795 955 1004 1024 appropinquet
1027 957 1127 1026 popuii
1146 955 1244 1010 multi-

249 1065 252 1074 ·
320 1030 409 1084 tudcl
461 1029 557 1094 Atque
575 1024 673 1078 eodem
691 1037 809 1094 prorsus
827 1025 928 1089 modo,
956 1028 1105 1095 quo'apud
1121 1025 1244 1095 Euripi·

322 1100 405 1166 dem,
430 1111 478 1152 res
495 1113 527 1150 se
545 1095 629 1149 habet
648 1093 676 1146 in
695 1093 818 1146 carmine
836 1093 1040 1160 deductorum,
1056 1095 1092 1152 de
1110 1111 1166 1162 quo
1183 1095 1244 1147 Ad-

226 1209 229 1216 .
301 1177 392 1230 nott.
415 1183 443 1247 p.
461 1168 520 1220 tu.
573 1164 666 1216 Porro
691 1162 756 1229 quis
784 1178 902 1229 unquam
928 1163 1130 1230 affirmaverit,
1166 1163 1243 1228 ideo,

322 1236 398 1305 quod
418 1235 491 1288 unfra
508 1233 559 1289 Vs.
576 1234 627 1288 968
645 1244 706 1298 sqq.
725 1231 832 1284 Furiae
849 1231 965 1288 dicunt:
987 1236 1105 1294 Χαίρετε
1122 1263 1155 1272 -
1172 1229 1247 1284 nain-

260 1339 263 1346 ·
322 1320 367 1360 ces
387 1300 415 1358 οἱ
434 1301 503 1357 eccui
525 1298 626 1354 πτόλιν
638 1296 765 1368 δαίμονές.
780 1318 810 1353 ce
827 1305 871 1352 uel
894 1305 988 1372 βροτοὶ
1006 1298 1149 1356 Hellados
1164 1298 1246 1354 milev

323 1379 465 1443 νέμοντες,
484 1370 582 1437 sequi,
610 1379 640 1424 ut
657 1371 770 1424 deorum
789 1369 958 1434 simulacra,
977 1371 1168 1425 Athenienses
1188 1369 1246 1441 ipsi

324 1459 440 1497 omnes
462 1441 624 1494 adfuerinti
676 1438 743 1492 Cum
762 1454 795 1492 eo
815 1440 898 1505 loco,
933 1442 969 1492 de
986 1458 1042 1509 quo
1064 1443 1119 1508 iam
1139 1440 1266 1509 agitur„

322 1517 379 1582 jam
400 1510 659 1578 Schlegelius‚
695 1509 743 1575 qui
768 1517 796 1561 et
818 1509 882 1578 ipse
905 1511 1081 1580 ‘spectatores
1107 1509 1153 1564 his
1171 1509 1245 1564 locis

323 1581 405 1650 quasi
424 1595 476 1633 una
495 1591 609 1648 agentes
624 1577 697 1644 'fingi
716 1577 848 1643 volebat,
882 1577 909 1630 in
932 1579 1176 1645 praelectionibus
1196 1594 1246 1633 su-

321 1666 375 1723 pra
393 1648 504 1715 citatis,
530 1667 556 1718 p,
576 1650 630 1710 86,
657 1647 986 1717 comparave'rat'lllum‚
1014 1649 1063 1714 qui
1082 1660 1125 1702 est
1141 1648 1193 1703 vs.
1211 1649 1246 1701 st

322 1737 386 1788 stp:
420 1715 463 1772 aaz
485 1713 554 1786 παρ’
577 1711 819 1784 Ἐλλῆνοιν.τινὲε,
854 1717 919 1769 ἴτων
940 1712 1014 1784 πάλῳ
1036 1715 1187 1781 iordanes
1211 1711 1248 1770 tit

262 1805 266 1818 ·
295 1805 302 1816 ¹
322 1789 471 1856 νομίζεται.
505 1786 567 1840 Sed·
582 1787 651 1838 haec
669 1785 754 1838 acrba
771 1801 807 1838 eo
824 1793 928 1839 tantum
948 1797 1029 1856 pacto
1048 1787 1082 1840 ad
1100 1795 1247 1858 spectato-

321 1873 371 1912 res
395 1857 505 1910 directa
534 1854 626 1924 putari
656 1863 791 1922 possent,
826 1865 859 1907 ut
883 1854 999 1926 primam
1018 1869 1114 1908 eorum
1139 1866 1247 1926 partem

324 1925 368 1982 sic
386 1940 488 1994 capere
506 1923 626 1976 liceret:
662 1922 692 1975 si
721 1923 818 1977 inter
843 1939 926 1988 vos,-
962 1923 1021 1992 qui
1050 1924 1247 1979 eGr'aecis

217 2007 232 2024 ’-
323 1994 478 2058 adestis,
499 2003 597 2056 sont,
617 1993 676 2058 q'ui
698 1993 883 2046 oraculum
902 1995 1093 2048 consulere
1111 1994 1248 2056 veliam

317 2077 486 2132 ¹quamquam
503 2062 549 2115 vei
567 2063 613 2114 sic
628 2077 724 2131 parum
742 2073 835 2130 aptum
854 2062 945 2128 foret,
968 2064 1070 2132 populi
1089 2061 1248 2118 multitudi-

321 2147 387 2189 nem
406 2144 481 2196 tum,
495 2123 586 2198 ‘buum
606 2131 712 2201 Pythia
731 2129 760 2183 in
779 2147 813 2184 eo
831 2140 894 2196 est,
924 2142 954 2185 ut
973 2132 1158 2187 vaticinatura
1176 2144 1248 2187 tem-

307 2203 403 2275 -plum
420 2200 618 2270 ingrediatur,
643 2199 701 2252 alio
719 2199 794 2269 fine,
812 2215 891 2268 quam
911 2201 945 2256 ad
963 2215 1099 2270 responsa
1116 2202 1247 2274 petenda,

324 2277 390 2326 ante
414 2269 558 2352 introitum
585 2268 695 2322 oraculi
724 2281 920 2350 congregatam
952 2271 1086 2336 cogitare.
1114 2341 1121 2354 ι
1146 2272 1249 2325 Potest

323 2341 702 2476 titillantis
716 2351 1248 2478 tlhttiizthllmtzi'hnhh

324 2479 422 2550 potins
449 2480 484 2533 ad
515 2477 723 2546 improbandam
752 2479 984 2546 conclusionem,
1018 2493 1098 2546 qnam
1128 2497 1165 2534 ex
1193 2480 1249 2532 hoc

325 2565 387 2603 cum
407 2545 622 2615 Schlegelio
646 2546 716 2598 lecit
734 2547 949 2600 Muellerus:
965 2579 998 2590 -
1038 2544 1140 2616 Pergit
1160 2549 1249 2601 Her·

325 2631 470 2672 mannus
496 2617 516 2669 l.
535 2634 578 2670 c:
615 2615 662 2668 »ln
687 2615 741 2668 den
758 2615 933 2670 Eumeniden
959 2615 997 2670 ist
1020 2615 1069 2671 dns
1094 2633 1150 2671 nun
1172 2616 1249 2670 noch

323 2684 457 2754 neniger
479 2685 531 2738 der
556 2685 639 2745 Fau,
674 2683 764 2752 weil,
800 2699 859 2739 was
881 2703 936 2739 von
953 2686 1015 2738 dem
1034 2687 1130 2741 Volke
1148 2694 1266 2753 gesagt·

298 2765 302 2773 '
326 2754 424 2820 wird,
441 2753 477 2807 da
488 2753 589 2807 dieses
606 2753 685 2808 volk
703 2753 751 2806 die
769 2755 894 2808 Athener
912 2755 995 2819 sind,
1018 2755 1066 2809 die
1084 2755 1249 2809 Zuschauer

325 2822 470 2878 natiirlich
495 2823 546 2876 aui
571 2823 635 2876 sich
663 2823 756 2877 selbst
781 2823 919 2878 beziehen
945 2827 1066 2878 missen.
1118 2825 1159 2878 us
1182 2821 1249 2878 sind

302 2912 305 2920 ⁴
326 2893 402 2946 diess
420 2893 489 2945 aber
506 2892 585 2946 hloss
603 2892 677 2945 awei
697 2893 811 2955 Verse,
841 2893 930 2946 durch
948 2893 994 2946 die
1013 2910 1063 2963 ger
1080 2891 1166 2948 keine
1184 2893 1250 2947 thi-

260 2990 264 3000 '
324 2961 675 3096 titillantibus
695 2961 1051 3086 ltlktlttnffilttti
1065 2961 1250 3087 iiiiii·

325 3068 550 3182 635εἰιὴρυιισε.ε
577 3095 679 3167 κῆρυξ,
707 3105 752 3152 sal
770 3096 885 3167 στρατόν
901 3047 1087 3170 uergaepyoidoc,
1122 3069 1178 3155 ulid
1196 3099 1250 3156 Vs·

324 3171 417 3224 6512<
444 3164 536 3221 ullone
575 3160 608 3220 ab
633 3162 685 3233 ἤδη
712 3165 817 3237 daupein
842 3165 967 3224 ’Annrdc
992 3167 1082 3224 lecina
1115 3181 1118 3186 ’
1143 3169 1250 3226 Verum

255 3251 284 3264 ··
325 3237 399 3292 enim
419 3254 487 3291 vero
513 3238 568 3290 hoc
596 3236 705 3306 ipsum,
742 3249 772 3294 nt
799 3238 914 3294 scilicet
943 3239 1072 3310 populi
1097 3238 1250 3294 multitudo

325 3307 487 3360 auscultare
504 3307 656 3372 J'ubeatur,
692 3317 755 3361 num
773 3309 936 3380 Aeschylus
955 3309 1099 3374 voluerit,
1131 3310 1162 3362 in
1181 3325 1251 3363 con-

325 3375 664 3430 troversiamuocandum
683 3385 734 3430 est.
788 3377 865 3430 Dico
883 3389 973 3432 autern
993 3379 1118 3450 priorem
1137 3379 1252 3444 locumr
1334 3424 1339 3436 ,

325 3459 387 3498 nam
405 3446 543 3509 alterum,
572 3460 651 3511 quem
669 3443 782 3500 mireris
800 3447 855 3499 huc
874 3457 1012 3512 tractum,
1045 3451 1174 3514 jamnon
1191 3463 1252 3501 mo·

326 3513 422 3567 rabor.
475 3514 533 3566 lllo
551 3524 640 3568 autern
660 3515 746 3581 loco,
783 3514 993 3570 simodovera
1011 3517 1089 3580 sint,
1124 3515 1253 3584 quaein

326 3584 442 3637 Adnott.
460 3597 488 3654 p.
507 3584 557 3638 tls
576 3599 617 3650 sq.
637 3583 861 3654 disputavimus,
894 3584 998 3656 populi
1018 3588 1120 3650 turba,
1156 3585 1180 3650 si
1201 3584 1267 3650 rad·¹

328 3665 392 3706 esse
409 3653 542 3732 fingitur,
576 3669 632 3707 non
650 3651 685 3706 ad
703 3651 869 3706 audiendum
888 3665 1039 3720 evocatur,
1054 3667 1057 3674 ·
1071 3655 1120 3708 sed
1137 3664 1255 3709 arcetur

327 3737 344 3773 a
370 3721 495 3790 judicto,
531 3728 560 3773 ut
585 3722 732 3775 silentium
757 3721 806 3776 liat
833 3732 863 3775 et
890 3721 1021 3778 instituta
1047 3723 1255 3790 consiliumque

327 3801 415 3844 totum
435 3789 578 3844 Minervae
596 3791 803 3861 perdiscantnr.
857 3791 918 3845 laur
942 3807 1011 3846 vero
1036 3793 1141 3861 aliquis
1165 3793 1253 3857 dicat,

327 3860 482 3931 probabile
499 3874 577 3922 esse,
591 3859 674 3926 ¹tingi
694 3859 900 3914 multitudinem
919 3873 1114 3931 praesentem,
1142 3861 1169 3914 si
1188 3859 1254 3915 se'n·

328 3929 418 3983 tentia
435 3928 592 3996 Augusti
611 3928 792 3988 Matthiae
811 3941 897 3998 supra
915 3930 1000 3984 citata
1019 3930 1102 3984 unice
1119 3947 1187 3984 vera
1205 3930 1254 3986 sit.

328 3998 443 4053 Nititur
467 4015 499 4051 ea
523 3999 589 4051 loeo
606 3996 788 4066 Antiphontis
806 3998 842 4051 de
858 3999 995 4054 choreuta
1012 4017 1039 4070 p.
1057 4001 1125 4064 llll,
1162 4015 1179 4052 e
1197 4016 1255 4066 quo

326 4083 395 4124 sane
413 4068 527 4134 elucet,
550 4065 710 4134 accidisse,
729 4075 760 4123 ut
777 4067 931 4124 mullitudo
948 4069 1100 4137 Areopago
1116 4065 1255 4136 judicium
