2794 4690
219 529 358 590 *flexum
379 527 449 590 sire
469 529 639 587 comatum
661 521 807 586 sedentis
827 521 1027 602 volcaniis,
1055 539 1131 584 nam
1158 520 1260 584 etiam

239 609 460 674 lurredientes
487 606 585 689 pedes
614 608 768 670 habemus
795 608 928 669 flexos.'
956 605 1013 669 Sic
1039 603 1079 668 de
1105 601 1261 668 Minerua

238 663 294 758 vei
314 703 420 756 stame
439 691 492 753 rel
514 691 644 752 sedente
665 691 802 752 enotare
824 691 964 776 cogitari
985 691 1098 772 possit.
1149 689 1262 750 offen*

240 776 298 838 das
320 775 451 860 quidem
472 773 507 834 in
528 793 585 849 eo,
613 770 700 856 quod
722 773 874 836 Minerva
895 776 1011 838 amicis
1032 774 1193 835 auxilium
1213 775 1262 832 fe-

240 877 316 922 rens
337 858 450 920 sedere
471 854 604 921 dicitur.
647 855 713 918 Sed
739 873 804 918 uon
826 876 907 940 opus
936 865 985 919 est
999 855 1045 918 'de
1067 856 1192 918 auxilio
1225 853 1262 914 in

241 944 331 1004 bello
364 943 431 1003 lato
454 943 610 1026 cogitare.
654 939 767 1000 Potuit
792 947 916 1016 autem,
947 959 1144 1022 quamquam
1171 948 1262 1001 stans

155 1055 158 1060 ·
241 1027 295 1090 vel
315 1024 438 1099 sedens,
460 1024 614 1087 Minerva
634 1021 703 1085 dici
721 1023 881 1084 auxilium
902 1027 1000 1101 serre,
1022 1044 1096 1085 narn
1117 1019 1170 1085 rel
1191 1022 1263 1084 sola

243 1109 311 1187 eius
332 1110 517 1192 praesentia
545 1105 587 1168 ad
617 1106 702 1168 hanc
723 1121 793 1168 rem
813 1106 1005 1170 sufficiebat.
1056 1104 1167 1168 Ceteri
1194 1105 1264 1167 loci

242 1193 433 1274 Aeschylei,
455 1191 513 1252 ubi
534 1191 685 1274 loquutio
705 1189 824 1252 τνθδναν
844 1186 926 1265 Ιπόδα
947 1192 1125 1264 invenitur,
1148 1192 1264 1277 Agam.

186 1345 189 1353 ,
243 1274 404 1342 Vs.¹880:
438 1269 479 1354 μὴ
507 1275 604 1357 χαμαὶ
631 1269 809 1354 τνθεῖςνόν
827 1269 892 1354 Ιο“ν
912 1271 994 1337 πόδα
1015 1283 1048 1337 et
1068 1271 1181 1357 Suppl.
1204 1273 1262 1334 Vs.

243 1363 300 1428 32:
322 1362 395 1440 πρὶν
414 1356 496 1422 πόδα
514 1357 616 1442 χέρσῳ
636 1354 701 1442 τῇδ’
722 1353 754 1419 ἕν
776 1353 889 1420 decides
909 1357 1023 1434 θεῖναι,
1047 1377 1112 1420 nou
1128 1359 1263 1420 omnino

244 1443 368 1508 similes
395 1451 479 1504 sunt.
539 1435 723 1522 Ὀρθόποας
751 1448 809 1501 aut
838 1441 1002 1527 significat
1030 1450 1138 1503 rectos
1166 1439 1265 1524 pedes

244 1525 434 1604 habentem,
466 1534 523 1586 ant
551 1543 642 1599 eum,
671 1543 764 1605 quem
791 1521 889 1606 pedes
911 1535 1001 1588 recta
1021 1529 1141 1589 ferunt.
1200 1521 1267 1585 Sed

246 1611 357 1673 'altera'
378 1610 459 1672 haec
479 1605 573 1672 verbi
601 1609 694 1669 notio
714 1609 772 1670 vix
801 1607 865 1669 hoc
893 1608 967 1671 loco
989 1609 1024 1669 iu
1047 1609 1267 1688 comparatio-

246 1708 320 1769 nem
341 1692 455 1756 vocari
474 1700 591 1775 potest.
642 1689 918 1753 Poetamcertam
940 1690 1101 1776 quendam
1122 1691 1268 1752 fabulam

246 1778 282 1837 in
305 1779 431 1918 danimo
466 1773 634 1853 habuisse,
671 1783 709 1836 nt
740 1773 922 1838 Frituschio
951 1777 1058 1840 visum
1092 1782 1161 1853 est,
1199 1795 1266 1836 nou

211 1911 215 1926 ,
247 1877 303 1921 ere
327 1878 357 1920 ο.
379 1893 422 1906 -

591 2013 658 2086 vs.
685 2006 918 2112 eoos-eea.

377 2159 474 2226 Οότον
496 2158 522 2225 o'
543 2159 705 2226 Ἀπόλλων
724 2136 791 2226 οὐδ’
810 2158 988 2239 Ἀθηναίας
1010 2157 1121 2234 οδόνος

373 2243 491 2354 pdpasr’
514 2245 551 2352 όν
560 2295 571 2324 ,
596 2246 674 2354 olore
693 2243 746 2352 μόΙ
760 2243 796 2310 οὐ
816 2243 1062 2351 παμημὶλημενον
1113 2330 1128 2347 ..

375 2352 491 2412 εμρειν,
513 2354 548 2393 ro
568 2355 686 2415 χαιρειν
706 2355 745 2412 μη
769 2337 896 2410 μαδονδ
912 2349 1002 2394 *ouon
1024 2352 1156 2413 φρενων,

253 2450 256 2462 ·
375 2411 540 2493 ἀναίματον
560 2413 704 2497 βόσκημα
725 2410 877 2495 δαιμόνων
900 2411 1000 2476 σκιάν.

252 2554 255 2562 ·
331 2520 440 2584 Versu
460 2532 624 2603 postremo
641 2525 849 2588 Hermanuna
868 2525 932 2601 jam
952 2526 987 2583 in
1011 2520 1155 2585 editione
1175 2523 1273 2586 fabu-

249 2607 300 2667 lae
332 2625 361 2666 a.
394 2609 476 2670 1799
503 2616 617 2670 curata
654 2617 730 2672 aute
762 2606 912 2687 δαιμόνων
943 2607 1131 2692 interpuugi
1161 2607 1272 2686 jussit,
1381 2611 1382 2618 ’

250 2707 346 2770 quam
373 2691 472 2750 etiam
499 2710 587 2752 nnnc
615 2700 704 2755 tenet
729 2694 941 2769 sententiam,
979 2692 1088 2753 verbis
1116 2686 1274 2770 δαιμόνων
1381 2697 1382 2700 ’

251 2767 342 2834 carde
369 2771 520 2834 acerbam
550 2774 710 2856 quandam
740 2777 934 2838 allusionem
964 2774 1069 2835 inesse
1089 2782 1203 2855 putans
1225 2773 1274 2836 ad
1381 2799 1382 2826 l

250 2856 469 2916 Homericum
489 2857 573 2918 illud
592 2858 632 2922 de
650 2855 714 2920 diis
730 2856 872 2922 dictum:
893 2853 1006 2921 τοῦνεκ’
1023 2853 1177 2937 ἀναίμονές
1192 2856 1271 2933 οἷον,

250 2938 289 3000 11.
312 2936 361 3014 V,
391 2937 449 3003 Vs.
471 2942 543 3004 342.
593 2939 787 3004 Germanice
808 2944 915 3005 itaex
942 2943 1036 3003 resait
1058 2941 1272 3002 sententiam:

250 3020 295 3082 du
315 3024 412 3087 wirot
431 3025 486 3084 ein
507 3024 771 3088 Gritterschatten
792 3028 880 3107 sein,
910 2964 952 3085 da
975 3023 1029 3086 die
1051 3024 1168 3086 Gb'tter
1189 3021 1274 3086 lein

221 3165 224 3174 Α
249 3104 328 3165 Blut
354 3105 470 3171 haben.
532 3108 632 3190 Quasi
659 3129 738 3171 vcro
766 3108 836 3187 dii,
866 3108 954 3192 quod
981 3111 1138 3194 sanguine
1163 3107 1274 3169 homi-

250 3205 328 3248 num
349 3197 446 3270 atque
467 3192 666 3253 animalium
680 3200 808 3270 carent,
836 3192 972 3253 umbrae
992 3193 1106 3254 vocari
1127 3197 1273 3273 possent,

251 3280 301 3348 et,
331 3273 361 3332 si
387 3282 536 3354 possent,
575 3276 659 3337 talin
686 3274 797 3340 divina
825 3277 957 3354 umbra,
992 3275 1195 3350 nozumbrm
1232 3283 1275 3336 ut
1380 3287 1381 3334 l

251 3354 314 3416 boc
345 3358 396 3416 nti
432 3357 550 3436 liceat,
592 3367 702 3503 aptum
735 3359 799 3422 hoc
829 3360 904 3423 loco
941 3378 1069 3420 sensum
1107 3355 1273 3422 funderet.

250 3436 387 3498 interim
416 3441 515 3502 etiam
535 3439 606 3505 vva
631 3441 764 3504 elioldus
787 3441 851 3506 duo
880 3443 940 3504 illa
959 3444 1059 3504 verba
1088 3442 1276 3504 arctissime

252 3521 477 3606 coniungenda
498 3527 614 3588 statuit
634 3528 749 3607 etjam
771 3535 846 3589 ante
868 3526 954 3587 hunc
974 3525 1209 3607 spanhemius,
1233 3533 1275 3588 nt

249 3612 388 3686 apparet
419 3626 437 3668 e
468 3617 546 3670 nota
574 3611 642 3689 eius
670 3608 712 3670 ad
739 3607 828 3693 Sept.
861 3608 933 3673 adv.
959 3609 1090 3672 Thebas
1118 3607 1276 3687 Vacilffl,
1379 3649 1380 3666 2

250 3707 348 3768 quam
374 3689 502 3770 publici
528 3694 610 3771 juris
640 3696 720 3755 fecit
747 3693 923 3777 Hauptiua.
987 3693 1028 3754 Et
1053 3691 1109 3753 hic
1138 3689 1277 3774 quidem

250 3771 416 3856 quomodo
435 3775 534 3836 verba
555 3774 749 3858 explicanda
770 3785 914 3853 censeat,
944 3795 1010 3837 uon
1031 3776 1197 3864 significat
1218 3795 1278 3838 ao-

250 3857 415 3932 enratius,
454 3860 611 3938 conjicias
638 3868 764 3938 tamen,
801 3862 945 3924 voluisse
972 3880 1047 3923 eum
1064 3859 1278 3922 -vocabnlnm

250 3935 342 4001 οννδν
361 3941 661 4025 circumscriptioni
686 3946 865 4024 inservire,
895 3952 934 4005 ut
961 3963 1028 4006 non
1057 3944 1198 4004 multum
1220 3941 1279 4019 di-

248 4031 338 4098 stara
356 4032 469 4106 putem
489 4029 683 4090 sententiam
704 4028 772 4107 ejus
794 4028 834 4092 ab
862 4027 939 4107 illa,
970 4045 1067 4111 quam
1088 4025 1280 4091 Wakefiel-
