2770 4690
1015 346 1150 431 XXXV

125 553 220 610 strae
227 586 252 624 ,,
267 527 413 623 eodem,
441 553 510 626 quo
535 529 619 604 viva
645 530 683 603 in
704 527 998 626 praecedentibus
1020 525 1152 603 fabulis

124 663 186 712 usa
217 636 355 725 fuerat,
393 646 530 710 <ornatu
567 632 686 733 regio,
706 682 710 688 -
731 629 833 710 circa
867 631 1003 704 collum
1028 646 1153 703 tenens

121 753 243 814 notam
269 721 431 809 vulneris
457 732 574 808 a'filio
600 732 730 806 inflicti
742 729 808 823 ³1),
853 729 1084 832 progreditur
1109 753 1153 803 ex

222 917 259 970 de
276 914 424 984 Apollinis
442 915 485 970 nil
504 915 616 985 agentis
633 931 686 985 per
704 915 790 979 ditas,
814 927 886 982 quae
903 915 974 968 hanc
993 915 1152 986 excipiunt,

223 998 322 1040 scenas
341 983 467 1054 integras
487 983 650 1056 praeseutia
668 983 718 1038 uix
739 985 856 1038 ferenda
875 983 1097 1054 disputavimus,
1124 993 1155 1038 et

223 1057 296 1119 hoc,
315 1054 491 1119 quodmodo
510 1057 546 1108 de
565 1066 691 1126 tempore
710 1062 738 1106 et
757 1054 839 1119 loco,
858 1069 914 1120 quo
929 1053 1047 1108 Orestes
1065 1071 1081 1108 a
1099 1053 1153 1106 dee

223 1133 362 1246 {tittttt
383 1121 557 1246 ilidii?
584 1123 647 1246 dit
666 1121 1155 1248 tttllttntlrtt¹⁰ttttff

223 1261 317 1316 bobus
336 1209 395 1314 hisp
403 1259 518 1315 indiciis
536 1209 698 1328 c’orijunctis
718 1261 795 1314 inter
812 1277 900 1328 seque
917 1231 1083 1342 comp'ositis
1102 1277 1155 1314 ex·

220 1339 268 1384 tra
295 1346 402 1384 ornnem
430 1329 622 1384 dubitationis
654 1328 771 1400 ponitur
798 1326 895 1382 aleam.
947 1332 1023 1384 llrnc
1049 1330 1157 1400 pendet

222 1398 386 1470 explicatio
404 1415 503 1453 versus
521 1401 586 1465 272,
605 1395 653 1452 ubi
670 1400 726 1464 jam
743 1412 799 1450 uon
818 1397 934 1465 dubito,
954 1400 1024 1468 quin
1042 1409 1108 1470 post
1125 1394 1157 1451 ὃν

222 1469 481 1538 interpungendum
499 1468 554 1532 sit,
590 1478 618 1521 et
642 1467 809 1520 uocabulum
834 1466 907 1520 ἑσσία
923 1486 980 1522 uon
997 1469 1090 1522 iocum
1107 1476 1156 1522 ant

225 1551 316 1601 aram,
351 1537 401 1589 sed
420 1536 579 1596 universam
598 1537 706 1588 domum
725 1534 892 1602 significare
908 1535 1037 1600 uidetur,
1067 1547 1098 1592 ut
1115 1537 1156 1590 si-

225 1604 365 1658 millimus
384 1603 424 1658 sit
441 1604 488 1658 hic
506 1606 587 1657 locus
606 1604 651 1668 ci,
678 1601 727 1670 qui
745 1603 866 1657 habetur
884 1604 935 1659 Vs.
952 1607 1004 1660 429
1022 1623 1080 1673 sq„
1105 1606 1156 1659 ad·

226 1682 339 1727 notatus
357 1689 374 1726 a
392 1673 475 1726 uobis
493 1691 522 1744 p.
541 1675 575 1726 89
592 1687 671 1739 squ,
690 1670 741 1748 ubi
758 1673 867 1726 locutio
884 1670 953 1748 πρίν
970 1667 1056 1728 dilate
1072 1676 1156 1728 σίκαι-

226 1761 265 1808 σι,
292 1741 348 1796 nisi
367 1759 401 1796 eo
418 1742 502 1795 modo
520 1741 688 1812 accipiendo
705 1741 759 1805 sit,
785 1757 865 1808 quem
883 1759 911 1812 p.
929 1743 964 1798 93
981 1742 1156 1812 significavi-

225 1825 306 1876 mus,
335 1822 365 1865 ur
383 1811 433 1865 hic
449 1807 518 1879 apris
535 1811 623 1878 ἑστίᾳ,
649 1808 691 1864 ita
708 1809 881 1880 explicanda
899 1821 958 1878 est,
985 1823 1016 1868 ut
1033 1829 1156 1884 praepo·

225 1879 332 1934 sitione
348 1877 429 1946 πρίν,
447 1897 502 1934 non
520 1875 564 1945 ἓν,
584 1877 692 1950 posita,
717 1879 860 1949 praedicti
878 1879 962 1935 illius
981 1882 1156 1937 Graecorum

223 1949 312 2002 moris
331 1950 437 2004 diserte
455 1961 540 2017 atquc
557 1949 592 2005 de
609 1948 749 2001 industria
768 1949 957 2006 ratiohabita
974 1951 1027 2021 sit,
1057 1951 1156 2022 potius

113 2069 116 2082 ,
224 2033 307 2086 quam
325 2019 385 2086 sic,
415 2019 458 2072 uti
476 2018 677 2073 Muellerus
695 2032 712 2070 a
729 2016 813 2069 nobis
833 2036 859 2088 p.
878 2020 913 2079 89
931 2019 1035 2076 citatus
1053 2019 1154 2076 voluit.

171 2135 173 2140 .
223 2089 312 2144 Quem
338 2104 443 2141 morem
480 2102 562 2156 quum
594 2085 669 2156 apud
701 2084 870 2156 Euripidem
894 2088 987 2158 Iphig.
1017 2091 1046 2144 in
1070 2090 1156 2144 Taur.

222 2157 276 2212 Vs.
297 2160 363 2212 tttt
381 2169 410 2212 et
427 2156 500 2210 alibi
517 2157 671 2210 observare
697 2154 800 2220 liceat,
836 2167 892 2210 tum
912 2159 1037 2224 ejnsrletn
1063 2159 1158 2212 solius

222 2226 324 2280 nescio
342 2242 376 2280 an
402 2227 487 2280 etiam
510 2223 539 2279 in
563 2225 634 2277 lama
651 2225 688 2278 de
706 2225 810 2277 Oreste
828 2225 978 2280 Troezene
996 2240 1157 2298 expurgato

222 2297 331 2348 mentio
356 2297 415 2350 liat.
467 2293 570 2361 Neque
592 2293 666 2346 enim
692 2309 824 2362 possum,
859 2295 928 2362 quin
951 2311 1076 2350 moneam
1102 2310 1156 2368 per

222 2366 297 2418 hanc
319 2362 515 2429 occasionem,
550 2361 588 2415 iis
613 2361 724 2429 uerbis,
759 2377 831 2430 quae
848 2365 964 2419 Adnott.
982 2383 1011 2487 p.
1028 2367 1062 2487 (sp
1080 2381 1097 2418 a
1113 2380 1158 2486 ipe

1009 2449 1042 2485 ur
1078 2450 1116 2487 an
1141 2450 1159 2487 e
1201 2477 1204 2486 .

246 2431 321 2486 osita
338 2434 473 2502 leguntur
491 2432 556 2486 inde
573 2447 604 2484 u:
640 2430 711 2484 Sed
736 2431 799 2483 hoc
823 2431 910 2485 lieri
935 2433 976 2486 de

221 2451 289 2572 Xpro
306 2519 362 2569 quo
381 2502 520 2556 uocabulo
539 2501 573 2554 ad
585 2491 857 2570 ‘interpretationem
880 2501 981 2555 falsam
999 2502 1158 2556 euitandam

224 2571 320 2641 aptius
345 2569 539 2642 scripsissem:
575 2570 691 2635 extra)
715 2585 804 2636 usque
828 2569 877 2622 ud:
913 2569 1003 2638 sito,
1033 2587 1159 2626 errorem

222 2640 343 2694 subesse
360 2655 455 2710 posse.
491 2638 586 2692 Locus
605 2638 764 2692 Pausaniae
783 2646 828 2691 est
847 2637 881 2696 L.
899 2639 941 2705 ΙΙ,
964 2657 989 2694 c.
1007 2641 1051 2708 31,
1073 2641 1095 2706 5.
1113 2643 1157 2707 11,

224 2707 277 2762 ubi
294 2710 331 2763 de
351 2709 465 2764 Orestis
484 2709 622 2772 tentorio,
652 2709 727 2774 quod
749 2708 920 2773 uocabatur,
950 2725 1036 2794 agens
1061 2709 1158 2781 perie-

225 2787 294 2848 geta
320 2779 390 2832 haec
418 2778 514 2864 ponit:
549 2779 709 2830 καθίσαντες
734 2772 764 2829 dd
789 2774 910 2830 ἐνταῦθα
937 2775 1088 2848 {raduanus
1112 2785 1160 2833 καί

225 2844 348 2913 εἱστίων,
365 2846 392 2901 a’s
409 2846 424 2900 ὸ
443 2843 604 2916 ἀφήγνισαν,
634 2845 739 2911 quibus
757 2860 817 2914 ego¹
829 2847 926 2900 verbis
943 2849 1067 2903 confisus
1085 2849 1160 2903 scri·

247 2918 288 2984 si,
307 2917 438 2982 Orestem
456 2917 487 2972 in
506 2916 560 2970 illo
576 2914 709 2968 aedificio
725 2915 873 2983 expiatum
889 2931 962 2988 esse.
999 2917 1055 2974 Sed
1073 2918 1159 2988 paul-

223 2935 258 3038 so
279 2996 360 3053 ante,
387 2988 409 3052 ᾗ.
426 2989 470 3054 7.,
497 2983 570 3038 idem
590 2983 716 3054 scriptor
734 2984 835 3051 tradit,
863 2985 994 3039 Orestem
1013 2986 1043 3040 in
1062 2986 1160 3056 lupide

227 3056 349 3122 quodam
367 3065 432 3110 ante
449 3055 584 3123 templum
600 3053 712 3107 Dianae
729 3053 839 3120 Lyciae
856 3053 930 3120 sito,
965 3069 1096 3109 anovem
1114 3055 1159 3109 ui·

225 3123 271 3178 ris
290 3124 460 3179 Troezeniis
478 3133 664 3191 expurgatum
683 3136 761 3187 esse;
795 3130 825 3176 ut
844 3123 930 3176 lacile
949 3122 1056 3192 uliquis
1073 3125 1160 3178 dubi-

227 3193 348 3258 tauerit,
383 3209 418 3248 un
435 3191 595 3246 Pausanias
612 3190 641 3244 in
659 3191 759 3260 priore
778 3190 832 3244 illo
850 3193 933 3258 loco,
969 3193 1030 3248 siue
1049 3193 1160 3248 inscius

225 3262 291 3317 ueri
309 3261 369 3316 siue
386 3260 577 3328 improvidus,
601 3259 692 3314 minus
711 3271 841 3314 accurate
858 3262 993 3328 loquutus
1012 3261 1111 3328 luerit,
1131 3270 1160 3317 et

225 3331 360 3386 lustratio
389 3331 452 3402 ipsa
479 3329 508 3383 in
536 3329 634 3399 lupide
657 3330 711 3383 illo
738 3329 858 3384 subdio
885 3331 960 3386 iacta
983 3329 1037 3398 sit,
1074 3348 1159 3399 quum

227 3402 364 3467 Orestes,
391 3399 522 3468 quamdiu
544 3398 669 3469 impurus
688 3409 763 3466 erat,
790 3408 819 3453 et
835 3400 927 3454 donee
966 3417 1034 3454 urus
1053 3403 1158 3456 evade-

226 3479 288 3538 ret,
316 3469 345 3524 in
363 3468 499 3524 aedilicio
519 3467 573 3520 illo
598 3465 740 3521 habitaret
759 3476 863 3523 tantum
881 3479 910 3525 et
927 3471 1022 3524 erbum
1040 3478 1160 3542 caperet

226 3539 370 3593 homiuum
388 3556 405 3593 a
421 3536 628 3592 consuetudine
646 3539 800 3603 sejunctus.

132 3611 187 3680 ³1)
228 3608 274 3663 Ao
293 3608 375 3663 illum
400 3607 565 3676 pertinebat
590 3605 729 3688 imprimis
752 3601 840 3674 σῦρμα
863 3605 926 3662 sive
943 3605 1037 3678 σαρτὸσ
1053 3628 1162 3678 nappe·

225 3672 551 3803 stttrtrutu
564 3672 1163 3814 tutu”sttt‘tuutrttttu

547 3783 555 3811 ‚
590 3774 623 3784 -

229 3815 315 3870 etiam
332 3785 420 3869 Dari'i
438 3785 580 3886 spectrum
600 3815 629 3869 iu
646 3814 766 3880 Persis,
783 3825 815 3871 ut
832 3813 925 3884 liquet
942 3833 959 3871 e
976 3816 1029 3873 Vs.
1038 3819 1086 3874 651
1098 3833 1162 3884 sqq·
1254 3815 1256 3822 '

229 3915 265 3927 -
282 3885 336 3938 ltoc
360 3883 541 3956 conspicuum
562 3883 669 3950 luisse,
699 3891 778 3955 patet
796 3903 813 3940 e
830 3884 883 3941 Vs.
901 3887 968 3954 103,
1000 3892 1030 3939 et
1047 3885 1163 3952 quidem

230 3952 310 4006 circu
326 3954 447 4022 cellum,
473 3970 489 4006 e
507 3952 582 4007 locis
601 3953 630 4006 in
647 3953 765 4009 Adnott.
781 3973 811 4023 p.
830 3955 865 4010 tn
882 3953 946 4022 cit,
968 3954 1072 4023 quibus
1090 3953 1164 4007 adde

227 4021 300 4075 Eur.
319 4021 428 4082 Electr.
446 4022 500 4079 vs.
519 4023 586 4078 1224
602 4021 705 4076 Meton.
723 4025 768 4078 An
786 4024 847 4091 ct,
866 4034 899 4079 ut
914 4027 971 4092 jam
990 4023 1164 4077 Genellus

228 4089 256 4144 l:
272 4107 297 4146 c.
315 4108 344 4161 p.
361 4095 414 4150 218
431 4091 561 4157 uolebat,
594 4091 729 4149 obuoluta
752 4102 815 4149 erat
837 4093 931 4165 amplo
949 4091 1053 4149 amicta
1068 4089 1162 4163 nigro,

907 4215 955 4284 fc*
