2652 4688
1024 361 1098 440 sas

92 577 95 587 -
122 553 189 597 rum
204 535 361 616 'spiritum
377 529 518 610 attende,
540 531 598 595 sed,
614 542 751 597 testatur
766 537 858 618 illam
875 535 975 598 etiam
992 536 1096 601 schol.

125 619 157 682 B.
176 619 339 682 lemmate.
750 653 752 658 v
782 675 807 682 ,⁴
1086 628 1089 639 “

85 703 155 786 rag.-
173 704 272 782 illlsq.
292 698 382 782 quod
410 701 590 782 suspicatus
619 722 689 768 sum
711 703 767 767 Vs.
792 707 860 769 164.
882 700 998 787 odoror
1018 707 1098 764 seri-

92 838 106 848 ..
123 784 258 848 bendum
281 804 366 856 esse,
395 783 528 862 ,judicio
550 784 722 848 doctorum
744 787 912 850 hominum
934 790 1096 869 relinquo.

90 903 95 916 ·
123 864 445 936 Omnirdubitationc,
462 878 588 945 careret
608 871 783 932 Frituschii
805 871 1006 935 emendatio:
1035 875 1099 934 θᾶ-

121 975 171 1013 νον
192 948 254 1028 (sic
276 970 339 1014 scr.
361 971 392 1032 p.
414 954 473 1026 3o,
495 952 554 1017 lin.
577 953 669 1032 ultz.);
713 957 812 1016 immo
840 955 915 1020 vide
935 976 977 1017 an
998 958 1099 1018 etiam

89 1080 95 1088 .
121 1031 258 1113 θρόμβον
279 1035 361 1094 ferri
381 1039 502 1115 possit,
528 1055 595 1096 uon
617 1034 749 1118 quidem
772 1059 810 1100 co
832 1059 943 1114 sensu,
965 1059 1099 1122 queme

89 1163 95 1170 ·
120 1119 226 1180 verbis
247 1119 346 1180 aliter
372 1121 569 1181 constructis
590 1124 766 1184 extricavit
784 1124 1009 1198 Hermanuus,
1042 1125 1099 1187 sed

40 1203 42 1208 ’
91 1245 94 1254 .
123 1202 250 1276 simili,
273 1199 466 1282 adorirer,
496 1204 735 1287 significatione
757 1205 906 1269 adhibito
926 1207 1097 1272 vocabulo.

90 1329 95 1336 .
123 1283 187 1346 cfr.
203 1285 346 1366 Hesych.
374 1285 517 1367 Θρανίαν,
539 1284 687 1368 θρόμβον.
739 1287 888 1370 dedalios,
911 1290 985 1372 αἷμα
1005 1292 1098 1376 παχύ,

122 1365 275 1448 eucayda,
299 1369 343 1440 cie
364 1371 503 1448 βουνοί
520 1370 592 1448 (ubi
609 1369 675 1434 rid.
695 1370 804 1436 adnot.
819 1375 964 1452 Alberti,
988 1379 1044 1458 qui
1065 1382 1100 1438 in

90 1507 93 1514 1
125 1451 227 1514 Gloss.
243 1452 359 1516 Jatric.
377 1452 474 1528 MSS.
491 1472 553 1533 pro
571 1453 725 1536 Θρύμβος,
747 1454 867 1540 θρόνος
883 1461 1101 1542 probabiliter

91 1589 95 1598 .
124 1537 291 1600 rescribit:
331 1535 492 1618 Θρόμβνς,
524 1537 664 1618 θρόνος).
714 1540 875 1624 deludor,
909 1541 1028 1624 ὑψηλὰς
1047 1544 1101 1608 τό-

89 1665 93 1673 ,
123 1641 191 1690 πον.
234 1617 357 1682 Eodem
379 1631 504 1702 spectat
524 1625 611 1704 quod
633 1625 735 1686 schol.
759 1625 801 1686 ad
818 1626 919 1710 Soph.
942 1630 1098 1692 Trachin.

122 1701 177 1762 Vs.
200 1704 270 1768 702.
294 1703 412 1766 tradit:
450 1701 592 1785 θρόμβος
617 1705 676 1788 γὰρ
699 1709 715 1769 ὁ
738 1707 845 1789 ὄγκος,
878 1709 1015 1774 reddens
1042 1716 1101 1776 ille

123 1787 513 1890 nimirumvssophocleum
535 1791 670 1854 verbum
691 1791 886 1870 adjectivum
903 1795 1100 1878 θρομβώὸεις

122 1889 393 1950 vocemmeam.
598 1905 619 1916 *v
762 1933 765 1943 .

82 1989 122 2000 -
143 1955 194 2031 32,
215 1953 257 2016 ad
279 1955 334 2029 Vs.
350 1959 421 2022 152
453 1955 657 2018 Vocabulum
674 1961 894 2041 aeccloedtiex
912 1986 949 2028 ea
966 1966 1033 2031 loci
1051 1969 1100 2028 in-

123 2037 339 2124 terpungendi
357 2043 496 2117 ratione,
519 2061 615 2122 quam
632 2061 690 2104 uos
705 2046 847 2127 amplexi
860 2068 980 2129 sumus,
1002 2055 1103 2117 ctiam

87 2179 92 2194 ,
123 2123 251 2202 passivo
269 2143 364 2190 ceusu
381 2127 458 2206 capi
475 2133 583 2206 potest
600 2128 656 2202 ita,
678 2137 717 2188 ut
735 2127 775 2190 de
796 2130 963 2197 locutione
984 2133 1102 2217 λαμβνῖ-
1221 2145 1231 2162 ’

122 2203 328 2289 νενννέντρον
349 2211 472 2292 cogites
500 2210 605 2271 simili
633 2211 701 2289 illi,
736 2233 818 2295 quae
838 2217 926 2280 inira
946 2219 1003 2283 Vs.
1029 2225 1099 2292 172.

38 2345 41 2350 .
88 2323 91 2328 v
123 2291 302 2370 reperiturr
342 2289 506 2370 λαμβάνειν
527 2287 639 2366 πτηνὸν
660 2291 815 2376 ἀργηστὴν
836 2296 924 2379 ὅφιν,
960 2324 1101 2385 quacum

89 2429 91 2434 .
123 2373 182 2432 cir.
204 2373 382 2453 Euripidea
403 2375 472 2436 lou.
494 2377 551 2436 Vs.
573 2377 645 2438 525.
666 2377 803 2442 Mettu:
826 2383 896 2443 εἵσω
918 2383 992 2459 τόξα
1010 2412 1101 2449 πνευ-

123 2449 224 2530 μόνων
244 2457 359 2534 λαβεῖν.
400 2459 465 2520 Ρνο
487 2460 546 2522 illa
566 2456 653 2539 apud
666 2459 838 2524 Musaeum
859 2486 957 2530 carm.
981 2468 1023 2532 dc
1035 2473 1102 2534 He-

87 2587 92 2594 .
124 2555 205 2598 rone
226 2547 259 2599 et
279 2538 432 2608 Leandro
454 2540 509 2602 Vs.
535 2545 604 2606 166.
629 2550 694 2604 estc
730 2544 874 2629 δέχεσθαι
894 2551 1036 2636 κέντρον,
1058 2555 1101 2618 ad
1166 2555 1179 2588 ''

122 2641 220 2701 quem
241 2623 349 2687 locum
369 2626 466 2705 plura
487 2623 578 2686 dedit
597 2625 823 2692 Heinrichius.

81 2741 121 2752 -
145 2708 263 2788 eosq„
277 2705 464 2778 adschcll.
487 2711 522 2769 in
543 2708 600 2770 Vs.
624 2713 694 2775 165.
736 2712 846 2778 Satius
868 2721 949 2798 erit,
971 2726 1101 2807 opinor,

122 2807 142 2848 a
164 2789 365 2866 scholiastie,
387 2801 425 2852 ut
434 2790 640 2874 Sophocleo,
666 2795 779 2859 Furias
801 2820 874 2863 cum
893 2803 1003 2868 Parcis
1025 2829 1102 2872 con·
1217 2847 1221 2856 ·

122 2875 210 2940 fusas
231 2882 384 2938 statuere.
422 2877 472 2938 De
489 2877 597 2939 verbio
615 2876 690 2942 door
707 2878 768 2959 (νό)
786 2883 836 2944 ἐπί
855 2909 905 2948 σον
919 2894 979 2954 cfr.
997 2895 1099 2961 schol.

126 2956 161 3020 Β.
185 2955 226 3018 ad
247 2955 334 3040 Sept
357 2979 384 3020 c.
407 2959 511 3024 Theb.
533 2959 590 3024 vs.
614 2966 685 3028 993.
708 2963 858 3046 Schuetz.

81 3073 124 3088 -
147 3043 203 3117 to,
225 3040 267 3101 ad
282 3041 346 3108 ,Va
360 3045 429 3107 177.
468 3042 535 3104 Cur
555 3048 785 3111 formationem
807 3060 1041 3141 ννρανησνῆρες
1061 3065 1101 3126 ab

125 3125 288 3204 omuibus,
309 3123 396 3208 quod
417 3129 528 3200 sciam,
551 3129 647 3190 libris
667 3140 701 3192 et
718 3136 852 3218 scriptis
872 3149 906 3201 et
925 3143 1102 3226 impressis,

124 3210 184 3288 qui
215 3207 311 3270 fidem
338 3221 522 3291 merentur,
563 3213 819 3299 suppeditatam‚
848 3221 976 3288 'contra
1004 3251 1102 3312 quem

123 3289 341 3358 Schwenckio
364 3304 397 3355 et
410 3295 606 3358 Wellauero
627 3301 732 3361 visum
754 3313 818 3381 est,
841 3325 914 3370 cum
935 3314 1103 3390 prioribus

84 3437 87 3444 ,
122 3376 218 3454 hujus
239 3377 367 3442 fabulae
384 3377 566 3444 editoribus
581 3380 887 3468 repudiavissemus,
910 3397 1103 3476 explicatius

123 3459 294 3541 disputare
315 3462 520 3535 nolebamus3
542 3462 610 3529 vid.
633 3474 740 3530 tamen
760 3471 824 3546 jam
845 3475 987 3542 Lobeck.
1009 3499 1103 3561 para-

124 3544 239 3624 lipom.
269 3565 319 3631 gr.
337 3545 401 3610 Gr.
429 3548 555 3610 interea
581 3547 664 3618 edit..
686 3570 718 3632 p.
737 3553 797 3617 449
818 3566 852 3618 et
872 3559 981 3624 adnot.
999 3565 1050 3628 75.
1062 3601 1103 3614 -

121 3625 220 3693 Mox.
238 3631 344 3694 scribe
365 3625 606 3714 ὀφθαλμωρύχοι
633 3653 707 3698 cum
729 3636 936 3719 Robortello3
976 3654 1103 3713 monuit

123 3711 226 3774 etiam
243 3711 393 3782 uobeek„
411 3713 453 3776 ad
473 3713 574 3798 Soph.
598 3716 686 3795 Aac.
710 3739 741 3801 p.
763 3722 834 3788 ²28.
967 3753 969 3756 ¹

77 3828 124 3842 -
148 3795 200 3870 47,
216 3792 257 3853 ad
270 3795 326 3859 Vs.
340 3800 409 3863 18⁰.
437 3799 486 3860 De
499 3799 659 3862 vocabulo
674 3800 783 3883 λυγμὸς
803 3807 914 3874 eadem
928 3817 981 3878 vel
997 3821 1102 3879 omui-

125 3895 171 3938 no
193 3879 307 3940 velex
325 3891 434 3961 parte,
463 3901 544 3964 quae
566 3883 769 3965 Hesychius,
800 3893 935 3959 tradunt
955 3899 1102 3982 Photiue,

123 3959 262 4038 Suidas,
290 3961 434 4042 Cyrillus
457 3968 535 4029 Lex.
558 3987 653 4032 macr.
677 3971 764 4052 apud
783 3976 908 4040 Albert.
932 3981 973 4042 ed
996 3985 1103 4048 locum

123 4043 297 4126 Hesyclrii.
329 4046 479 4113 Ceterum
497 4051 598 4132 probe
615 4053 703 4133 scio,
725 4057 817 4121 illam
836 4065 1065 4132 formationem
1084 4091 1103 4131 a
