2796 4694
144 514 226 600 ipsis
255 509 472 601 grammttici
495 507 604 576 veritis
632 507 783 575 dilucido
806 515 966 598 apparet,
993 517 1168 598 mannam

142 596 396 663 rinhabnerit
446 594 615 658 Nimirum
635 597 854 662 carnationis.
906 595 1030 660 Contra
1051 596 1091 662 de
1111 619 1166 686 ge·

145 701 226 745 nere
250 679 398 743 dubitari
424 686 554 762 potest,
587 686 701 740 utrum
727 679 944 743 mascnlinum
969 683 1088 756 fuerit,
1124 701 1167 744 nn

144 766 355 842 femininum
392 763 422 824 ei
451 763 585 849 vulgata
614 761 734 824 scholii
768 763 936 827 scribendi
970 767 1057 826 ratio
1088 783 1168 828 vera

144 856 211 923 est3
246 850 300 910 sia
325 865 406 912 vero
435 866 489 924 ea,
528 865 611 929 quae
641 843 730 928 apud
757 847 892 912 Robcrt.
926 850 1112 932 reperitur,
1147 867 1168 910 a

144 930 360 1020 grammatico
382 936 432 993 est
462 931 631 1014 proiecta,
662 931 1033 1014 rememoremini,
1063 941 1102 994 ut
1120 933 1168 994 fe·

143 1016 307 1077 minirum
333 1015 460 1076 fuerit,¹
512 1010 608 1094 Quod
634 1013 737 1074 luerit
765 1015 985 1101 interroganti
1016 1017 1088 1094 jure
1108 1024 1167 1078 tuo

144 1096 377 1181 respondebis,
411 1097 514 1160 latere
547 1094 644 1159 illud
665 1098 701 1158 in
735 1098 883 1160 succisos
913 1099 966 1163 v'el
996 1101 1095 1164 κἀκοῦ
1109 1121 1166 1176 -τε,

144 1202 228 1266 quse
266 1179 417 1245 codicum
453 1181 553 1244 lectio
594 1188 646 1242 eet
691 1190 805 1262 aperte
840 1191 1005 1266 corrupta.
1075 1183 1168 1246 llaec

144 1266 328 1330 cortinis-a
354 1273 441 1330 snut.
494 1263 679 1328 postulabis
710 1272 897 1346 praeterea,
916 1275 969 1329 ut
987 1285 1053 1330 vox
1074 1285 1168 1329 crua-

143 1357 218 1425 tur,
246 1346 398 1412 codicum
419 1348 555 1410 lectioni
574 1366 672 1429 qnam
694 1348 874 1413 simillima.
923 1347 998 1412 Jern
1019 1348 1104 1412 illud
1124 1350 1167 1426 si,

143 1431 234 1515 quod
267 1432 427 1494 facillime
453 1432 594 1503 extricet
619 1449 639 1494 e
665 1431 838 1494 literarum
867 1432 1045 1510 tractibus,
1091 1433 1169 1516 qnass

142 1517 192 1578 les
213 1517 249 1577 in
270 1513 349 1578 edit
370 1513 444 1576 nid.
466 1513 680 1592 exhibentur,
714 1511 827 1578 credes
847 1515 900 1578 vol
922 1535 993 1578 sam
1015 1517 1057 1578 ob
1077 1536 1169 1580 caus·

143 1619 215 1663 sam
241 1599 420 1684 genuinum
440 1616 530 1675 csse,
561 1595 649 1680 qnod
670 1596 828 1675 ejusmodi
849 1593 1015 1681 particula
1034 1600 1169 1682 copulae

144 1684 216 1745 tiva
237 1701 319 1764 opus
338 1683 393 1746 sit.
442 1682 485 1743 lt
506 1682 707 1744 concitatum
727 1681 893 1765 Apollinis
914 1683 1060 1744 animem
1082 1681 1169 1744 haud

144 1762 305 1828 dedecere
324 1761 481 1828 videntur
500 1764 601 1828 verba
621 1761 795 1844 asyndeta,
822 1767 1016 1846 praesertim
1044 1767 1080 1828 in
1108 1767 1169 1830 hac

144 1849 307 1930 ampliore
326 1848 561 1912 vocabulorum
582 1847 883 1930 comprehensione,
904 1848 963 1910 nbi
984 1850 1044 1913 tali
1059 1852 1168 1913 varia·

132 1933 238 1996 ’fiune
254 1933 364 2014 potius
380 1933 572 2032 languorem
593 1927 755 2014 quendam
773 1932 934 1997 orationis
950 1935 1069 2008 evitari
1090 1955 1167 2004 ceu·¹
1206 1951 1209 1956 “

143 2027 227 2080 sees.
261 2014 306 2077 Ut
318 2015 412 2078 brevi
423 2016 541 2094 dicam,
562 2015 724 2078 librorum
737 2035 832 2080 mser.
846 2015 1004 2085 lectiones
1021 2019 1169 2086 sancitos

144 2109 180 2164 et
194 2101 293 2162 κακοῦ
312 2120 345 2161 rs
364 2098 449 2161 nihil
472 2096 563 2160 a'lind
584 2101 754 2162 continere
767 2097 933 2178 videntur,
955 2119 1069 2183 queuis
1092 2099 1170 2168 ἀπο-

144 2179 239 2258 κοπή,
251 2201 359 2266 *qnam
371 2182 591 2262 conjecturam
598 2179 796 2248 crediderim
804 2183 908 2246 cuivis
922 2184 1096 2266 probatum
1111 2187 1168 2266 iri,

145 2268 203 2350 qni
226 2265 268 2328 ad
288 2273 451 2349 postrema
468 2266 568 2329 verba
586 2266 796 2330 scholiastae:
820 2263 979 2332 cresone
998 2264 1054 2346 τὴν
1075 2265 1169 2338 ἄπο,

143 2345 270 2428 αοπήὑ
291 2345 400 2424 coituris
420 2345 500 2412 εἶπεν
520 2358 671 2412 accurate
689 2347 876 2414 attenderit.
923 2350 1012 2414 Vitii
1032 2354 1168 2416 initium

143 2434 210 2498 hoc
238 2431 372 2496 videtur
400 2435 519 2512 fuisse,
558 2440 597 2496 ut
632 2433 730 2496 litere
756 2437 791 2495 A
817 2442 894 2494 ante
923 2438 962 2498 11
987 2434 1167 2502 excideret.

144 2517 219 2600 Quo
240 2520 327 2580 fecto
349 2537 448 2600 quum
471 2519 670 2582 HOKOHE
689 2522 848 2592 restaret,
870 2553 912 2568 -
934 2535 1009 2594 pam
1030 2519 1078 2580 sic
1099 2520 1169 2586 fore

143 2601 186 2666 ab
199 2599 360 2677 Aeschylo
372 2601 533 2683 scriptum
549 2600 650 2662 fuisse
662 2598 857 2663 vccabulum
870 2607 998 2663 constat
1010 2635 1053 2650 -
1066 2601 1170 2664 libra.

144 2686 274 2748 riorum
294 2685 397 2746 nimia
417 2686 486 2747 sive
507 2701 587 2746 cura
609 2684 679 2748 sive
699 2683 849 2763 incuria,
877 2682 1028 2746 diremtio
1049 2684 1168 2762 literis,

145 2777 260 2832 ortum
284 2775 335 2829 eet
359 2769 524 2832 KAKOY
552 2770 634 2830 TAI
654 2767 708 2830 vel
741 2772 809 2828 ΤΕ.
852 2766 923 2830 Neo
953 2763 1057 2830 dietat
1083 2767 1168 2832 illud

145 2852 188 2914 ab
209 2850 273 2914 hoc
294 2859 483 2935 tantopere,
510 2870 607 2935 vasu
627 2850 736 2933 primo
756 2847 919 2932 adspectu·
933 2848 1068 2920 credere
1095 2857 1169 2934 pos-¹

146 2936 207 3013 sis,
236 2953 312 2996 nam
336 2934 454 2998 literae
477 2939 515 2998 H
532 2943 566 2998 ct
584 2941 619 3000 K
636 2943 670 2997 et
695 2941 726 2998 Τ
742 2953 810 2996 nou
830 2936 939 3001 minos
961 2953 1059 3018 q'nem
1084 2939 1112 3000 O
1135 2945 1171 2999 et
1304 3007 1308 3024 ι

146 3021 182 3082 Λ
202 3019 389 3100 saepissime
419 3019 508 3082 inter
536 3039 572 3084 se
598 3025 802 3104 permutatae
829 3019 1043 3101 reperiuntur
1069 3027 1169 3102 alque

146 3103 288 3202 alterum
312 3105 340 3164 0
368 3103 414 3179 ii,
442 3103 500 3185 qui
529 3121 592 3185 pro
621 3103 811 3202 antiquiore
836 3104 1023 3184 scripturae
1049 3121 1170 3202 genero

146 3204 249 3270 prims
274 3185 452 3251 utebantur
477 3186 680 3264 recentiore,
708 3184 751 3251 ad
778 3185 912 3250 libitum
940 3193 1007 3248 tarn
1036 3185 1168 3254 literam

145 3289 362 3378 perdedeyycr
390 3291 426 3367 ὀ,
467 3311 564 3378 quam
592 3292 688 3375 dioec
724 3316 760 3357 or
787 3273 825 3355 ὦ
852 3291 979 3356 habere
1002 3301 1166 3374 poterant,

146 3377 293 3446 Tantum
313 3376 475 3461 proficere
501 3377 599 3440 licuit
620 3396 639 3441 e
658 3395 693 3441 sc
718 3377 795 3439 eliis
817 3373 878 3440 dili
920 3383 994 3440 nter
1009 3379 1169 3440 ‘menate

230 3461 406 3545 Reliquum
432 3469 501 3538 ent,
531 3469 571 3524 ut
597 3459 743 3524 dicemus
771 3479 845 3522 cum
896 3478 915 3523 e
941 3461 1096 3525 universa
1115 3458 1169 3524 di.
1262 3485 1267 3502 ·

146 3546 274 3622 cdere,
307 3563 372 3628 qua
397 3553 494 3629 poeta
522 3537 759 3607 castrationem
779 3543 995 3630 significavit,
1026 3553 1099 3606 tum
1127 3541 1170 3608 de

147 3628 248 3692 verbo
268 3630 398 3712 χλοῦνις.
443 3628 516 3710 Qua
536 3629 573 3695 iu
598 3647 637 3694 ro
655 3624 744 3694 hand
770 3642 939 3690 moramur
959 3627 1168 3702 scholiasten,

148 3729 169 3773 n
196 3707 272 3795 χλόη
302 3710 528 3778 deducendum
562 3731 630 3774 esse
659 3709 855 3774 vocabulum
890 3718 924 3773 et
960 3709 1047 3774 idem
1079 3709 1168 3794 quod

148 3790 266 3873 ἀκμαῖα
292 3795 404 3860 valere
434 3805 636 3874 censentem,
674 3813 774 3877 quum
795 3813 860 3856 non
882 3802 1057 3878 appareat,
1086 3792 1168 3878 qnid

148 3878 213 3946 sibi
233 3878 318 3942 velit
343 3878 502 3958 ejusmodi
524 3879 733 3942 castrationis
760 3877 940 3961 epitheton,
993 3875 1102 3940 Verae
1121 3878 1167 3939 si-

147 3961 264 4023 milior
283 3960 398 4023 haberi
417 3972 526 4046 potest
546 3964 666 4041 altera,
689 3977 785 4046 quam
806 3965 949 4046 profert,
972 3959 1104 4044 op'iuio,
1125 3961 1166 4022 ab

147 4063 229 4130 apro
261 4042 461 4131 desumptam
496 4047 749 4130 appellationem
780 4043 901 4112 dicens.
966 4043 1167 4127 Quamquam
