2794 4692
940 389 942 395 ·
1043 351 1163 432 CXII}

158 555 162 563 ·
229 517 308 613 Qua
351 515 406 594 re
429 519 590 596 absoluta
626 520 794 598 Minerva
832 540 975 622 sumpto
1003 532 1160 607 'ealoulo

128 621 333 720 praedicat,
379 647 490 717 quum
517 647 623 695 suum
650 624 716 714 sit,
757 619 963 700 extremam
990 653 1158 705 onustant

130 723 352 818 dijudicare,
389 748 427 796 se
453 747 519 818 pro
546 721 667 797 animo
693 746 758 798 suo
790 725 895 799 illum
919 727 1038 804 Oresti
1064 729 1157 828 adje-

129 837 275 898 cturam
302 847 399 914 esse,
433 822 529 896 hune
553 823 668 919 igitur
676 861 701 915 ,·
719 823 751 898 si
772 826 918 921 paribus
945 831 1157 932 (Areopagi,

128 927 271 1015 tarum)
297 921 479 1023 suffragiis
506 923 686 1017 judicatus
707 925 840 1017 iberit,
873 927 1054 1004 viatorem
1076 935 1157 1007 eva·

129 1025 225 1098 dere.
288 1021 424 1117 Quibus
450 1023 686 1119 praemonitis
722 1027 880 1122 judiees,
929 1025 1057 1126 quibus
1085 1027 1154 1108 hou

128 1124 316 1226 negotium
347 1124 559 1239 mandatum
591 1123 661 1217 sit,
702 1125 801 1221 jubet
827 1155 936 1228 mam
962 1133 1157 1208 celerrime

129 1241 244 1302 sortes
267 1251 311 1298 ex
332 1249 435 1298 urnts
461 1225 604 1320 ejicere.
775 1285 779 1294 .
898 1287 900 1294 .
1108 1261 1111 1266 ·
1147 1264 1151 1295 ι

229 1325 332 1420 Quod
353 1325 440 1399 dum
465 1328 506 1400 fit
530 1341 565 1400 et
592 1325 723 1402 calculi
751 1326 1038 1425 dinumerantur,
1068 1327 1156 1410 Ore-

129 1445 206 1504 stes.
226 1441 262 1500 et
287 1426 418 1501 Furiae
451 1425 555 1502 anxie
586 1443 829 1523 exspectantes
860 1449 1052 1526 eventurn,
1093 1435 1156 1509 ille

128 1527 354 1626 Apollinem,
391 1527 459 1602 hae
483 1533 635 1602 Noctem
660 1543 821 1603 matrem
846 1528 1026 1608 invocant.
1090 1537 1155 1609 Ille

127 1629 199 1722 sibi
226 1629 301 1723 jam
323 1643 530 1702 extremum
555 1653 731 1727 angorem
755 1644 816 1703 aut
841 1630 1018 1708 laetitiam
1043 1634 1154 1710 insta·

128 1756 170 1804 re
188 1729 256 1823 Ἀθ)
282 1733 437 1823 elamat;
472 1730 561 1820 hae,
593 1729 664 1804 sibi
688 1729 852 1824 seilicet,
881 1730 920 1806 in
942 1738 1154 1810 contemtio-

127 1859 213 1905 nem
239 1829 364 1907 venire
397 1845 457 1906 aut
488 1855 597 1925 porro
628 1830 825 1906 honoribus
857 1832 943 1906 frui.
1016 1837 1153 1912 Ultimo

127 1933 207 2009 loeo
230 1935 373 2010 Orestes
397 1931 534 2027 judiees
546 1984 559 2022 ,
593 1931 654 2027 qui
676 1934 834 2008 calculos
856 1931 1058 2028 dirimunt,
1094 1938 1155 2011 ad-

128 2035 316 2128 hortatur,
350 2049 390 2108 ut
413 2047 511 2109 recte
537 2033 697 2125 faciant,
721 2057 833 2130 quum
855 2059 899 2108 ex
921 2061 992 2112 uno
1013 2041 1153 2114 calculo
1270 2125 1273 2132 .

229 2305 292 2358 sqq.
318 2284 498 2368 ascholio,
533 2303 595 2346 cum
612 2289 717 2361 quibus
740 2285 912 2348 testimoniis
935 2289 1019 2363 plene
1038 2290 1153 2362 conspi-

229 2369 293 2414 rant
310 2369 379 2437 arus
398 2374 484 2427 opera
499 2359 655 2418 Minervam
673 2363 813 2417 caleulum
832 2362 861 2415 in
880 2377 976 2416 urnam
993 2362 1154 2429 conjicien-

230 2441 285 2484 tetn
313 2427 486 2483 exhibentia.
512 2457 547 2472 --
597 2431 831 2490 honoratiusde
856 2429 958 2487 ordine
985 2430 1028 2484 rei
1056 2438 1153 2498 gestae

229 2507 295 2570 post
313 2493 534 2550 Boeckhiutu
552 2498 679 2570 disputat
701 2499 923 2562 Muellerus,
960 2497 1016 2552 vid.
1037 2498 1153 2552 Adnott.

230 2586 258 2639 p.
281 2567 338 2623 tte.
391 2563 527 2622 Senserat
550 2567 688 2634 ejusmodi
717 2567 785 2635 quid
807 2570 864 2634 jam
887 2566 1061 2620 tie-neilus
1088 2567 1108 2622 l.
1125 2582 1152 2620 c.

202 2654 204 2666 ’
229 2656 257 2708 p.
276 2637 341 2700 2373
370 2634 419 2688 sed
440 2635 482 2699 is,
510 2653 593 2704 quum
612 2637 801 2706 Areopagites
820 2634 928 2707 dispari
944 2652 1061 2690 numero
1079 2635 1153 2689 tuis·

228 2723 261 2760 se
279 2718 426 2774 perperam
444 2718 592 2769 censeret,
614 2722 649 2761 eo
667 2703 778 2760 delatus
797 2715 858 2773 est,
881 2716 911 2762 ut
927 2704 1057 2773 singulos
1078 2705 1153 2759 inter

228 2775 309 2844 ipsos
322 2789 459 2840 quemque
474 2773 621 2830 Furiaru-
640 2785 669 2829 et
687 2773 836 2846 Apollinis
855 2789 998 2828 sermones
1011 2773 1153 2842 suffragia

229 2844 332 2900 tulisse
352 2842 516 2908 conjiceret·
569 2843 692 2913 Utrique
718 2843 895 2907 sententiae,
930 2857 1094 2910 quamquam
1121 2841 1152 2895 in

228 2914 300 2967 banc
317 2911 433 2965 facilius
452 2927 660 2978 coucmsurus,
696 2913 862 2974 adversatur
880 2913 1096 2966 Hermannns
1122 2909 1152 2964 iu

227 2997 304 3037 eene.
323 2997 350 3050 p.
363 2983 412 3034 tto
428 2995 471 3046 sq.
507 2981 594 3048 Gutus
614 2983 743 3040 rationes
756 2981 826 3048 quid
845 2981 975 3048 ualeant,
1001 2997 1051 3046 es,
1070 2995 1152 3048 quarn

227 3063 396 3124 postremam
414 3059 443 3103 et
460 3050 654 3118 gravissimam
670 3051 786 3119 posuit,
822 3051 948 3116 rejecta,
983 3049 1046 3120 ipsi·
1060 3049 1151 3104 lecte·

227 3135 274 3178 res
291 3121 467 3192 ponderent·

128 3239 189 3308 tte)
229 3239 310 3294 Hanc
337 3252 391 3306 ego
417 3234 582 3292 senteutiam
609 3236 727 3295 subesse
752 3250 807 3296 non
831 3220 930 3293 dubito
956 3235 1049 3292 tersui
1079 3232 1151 3292 usa

142 3364 145 3375 ,
229 3306 290 3366 Νῦν
315 3300 427 3378 ἄγχονῆσ
448 3326 498 3374 μοι
521 3295 655 3377 τέρματ’,
694 3295 708 3323 ’⁴
726 3303 799 3375 'pulos
819 3305 952 3428 plinus,
988 3313 1152 3375 quamquam

228 3375 673 3446 sternumentapstz»
715 3391 748 3432 er
766 3393 817 3430 auc
856 3367 1152 3444 nureiu'wenigdie

229 3447 357 3517 Sprsche
377 3445 481 3512 kannt,
507 3445 709 3508 mastichen,
737 3446 802 3500 dass
819 3444 959 3518 derISinn
979 3445 1033 3512 ist;
1062 3459 1151 3499 »nun

230 3516 334 3572 stehe
357 3511 419 3569 ich
442 3530 489 3568 ent
508 3507 587 3567 ziet
616 3514 798 3568 entttedet
826 3515 974 3568 sterben
1002 3527 1045 3584 su
1067 3514 1152 3566 titiiss

230 3602 305 3648 sen,
330 3584 416 3637 oder
432 3597 473 3636 zu
492 3583 639 3637 leben«-
666 3593 697 3637 ut
715 3598 781 3636 sane
797 3585 851 3649 jam
871 3581 1042 3637 scholiastes
1061 3579 1151 3636 inter-

230 3661 355 3728 pretatus
374 3664 430 3706 este
455 3648 503 3704 νῦν
517 3671 565 3721 μοι
584 3649 638 3721 ζωη
660 3641 818 3719 {turiseo
834 3646 915 3706 allos.
952 3647 1082 3706 Ceterum
1100 3645 1153 3718 aly-

230 3715 308 3790 χονῆσ
325 3719 502 3776 scribendum
521 3737 601 3787 esse,
628 3737 682 3775 non
701 3715 828 3791 ἀγχόνης,
854 3727 931 3790 petet
949 3737 985 3775 ex
1004 3720 1042 3776 iis
1079 3733 1152 3788 quse

230 3793 361 3846 adnotata
388 3799 453 3845 sunt
479 3807 495 3844 ιι
523 3790 611 3845 suida
638 3805 660 3844 s.
678 3801 720 3854 tt,
757 3793 836 3857 cuius
863 3790 948 3844 verbe
970 3792 1029 3860 jam·
1048 3757 1152 3842 bten·

229 3861 326 3927 leJus
355 3861 389 3914 ad
423 3861 496 3913 hune
524 3861 616 3926 locunt
646 3857 825 3930 adscripsit,
861 3857 1031 3914 Philemone*
1061 3874 1088 3928 p.
1106 3859 1151 3920 73,

231 3946 313 3996 quem
336 3930 434 3985 citavit
456 3927 666 3983 Ellendtitts
691 3927 819 3992 Addend.
838 3928 880 3982 ad·
891 3927 922 3985 T.
945 3927 969 3981 l.
985 3925 1076 3981 'Item
1096 3925 1151 3980 So·

228 3999 346 4125 Enoch,
367 4000 463 4060 schol.
481 3999 516 4052 ad
537 3999 682 4068 Aristepb.
701 3998 821 4054 Athertt.
841 3995 892 4055 Vs.
910 3999 976 4066 tto,
1006 3994 1096 4050 schol.
1116 3990 1153 4048 ad

139 4075 180 4122 ‘t-
257 4067 332 4138 urip.
351 4069 485 4124 nntran
505 4067 556 4124 Vs.
572 4069 625 4125 stt
641 4066 756 4124 Muttm·
800 4081 804 4088 ·
853 4081 857 4094 ·
957 4081 961 4090 ¹

920 4179 946 4262 b
