2728 4690
1053 363 1128 450 203

118 537 310 638 προπὸμπόν.
365 552 461 633 Quod
480 553 674 615 vocabulum
701 553 748 614 ibi
770 572 829 614 usu
850 553 1016 615 strictiore
1038 547 1130 610 adbi-

119 641 223 700 bitum
252 638 350 700 simul
378 635 624 718 comprehendit
661 638 932 720 significationem
968 636 1035 713 ejus
1072 634 1131 714 qui

119 741 269 804 pompam
291 723 435 782 instituit
455 729 491 782 et
509 719 609 783 ducit.
655 717 745 780 Mira
766 723 863 782 etiam
886 729 918 782 et
938 739 1015 781 sane
1035 736 1130 798 quam

119 806 228 886 lepida
255 805 415 865 sententia
443 810 508 878 est,
544 823 639 885 quam
669 821 767 884 super
788 803 898 864 eadem
919 824 956 865 re
977 801 1131 865 Genellus

119 891 140 949 l.
164 891 185 949 l.
206 888 348 970 protulit
369 887 418 946 his
438 887 563 948 verbis:
598 887 698 948 »Dass
718 887 845 948 Athene
876 889 911 946 in
932 888 1028 947 ihren
1051 887 1132 946 letn-

117 982 174 1032 ten
194 973 377 1051 Anapiisten
406 971 548 1052 spricht:
582 969 675 1031 Auch
706 969 762 1030 ihr
789 971 908 1054 gehabt
928 971 1009 1032 euch
1029 967 1131 1042 wohl,

120 1056 174 1116 ich
209 1055 290 1140 gehe
323 1053 404 1114 euch
438 1073 557 1131 noran,
596 1051 651 1114 die
684 1053 871 1138 Wohnung
909 1054 1131 1118 anzuweisen:

120 1138 237 1198 danaus
259 1138 335 1196 darf
351 1137 445 1196 nicht
470 1140 631 1222 gefolgert
651 1133 802 1214 werden,
834 1141 882 1198 sie
907 1138 955 1198 sei
976 1133 1132 1199 wirhlich

118 1241 193 1283 rom
214 1221 362 1305 Logeion
384 1219 685 1305 herabgehommen‚
706 1240 762 1281 um
783 1224 817 1280 in
838 1221 959 1283 Person
980 1217 1042 1280 den
1062 1217 1134 1301 an

78 1331 83 1340 ·
120 1305 333 1365 annuliihren.
386 1305 452 1365 Das
471 1303 603 1374 werden
626 1304 736 1366 Andre
762 1304 862 1378 thun3
892 1306 941 1366 sio
972 1302 1051 1365 aber
1077 1301 1134 1362 hat

119 1387 214 1449 mehr
233 1387 343 1472 Wege
364 1386 500 1449 dorthin
521 1407 562 1447 nu
584 1389 771 1473 gelangen.a
794 1423 836 1436 .-

202 1471 289 1554 Ergo
310 1473 340 1532 si
360 1471 528 1552 probabile
550 1478 613 1545 est,
635 1491 786 1553 pompam
808 1474 967 1557 integram
988 1487 1055 1531 non
1076 1465 1134 1528 dm

121 1563 206 1620 clam
234 1573 303 1616 esse
330 1575 370 1616 ex
397 1558 468 1637 ipso
501 1555 631 1616 theatro
664 1577 767 1636 neque
793 1575 983 1637 quemquam
1015 1552 1050 1612 id
1084 1553 1134 1613 in-

121 1656 264 1720 gressum
285 1647 359 1717 post
378 1658 507 1700 versum
528 1640 605 1716 985,
637 1647 670 1700 et
691 1649 815 1700 certum
839 1648 903 1717 est,
925 1636 1011 1720 quod
1031 1637 1135 1698 Fritn·

120 1721 229 1780 schius
249 1722 324 1782 aliis
345 1743 386 1784 ex
412 1720 544 1782 indiciis
567 1723 718 1807 collegit,
747 1729 858 1786 v'ersus
888 1723 985 1784 finem
1013 1721 1136 1782 oratio-

123 1808 173 1863 nis
206 1804 398 1866 alllinerva
427 1805 556 1866 habitae
577 1804 789 1892 Areopagitas
817 1807 994 1888 appellari,
1026 1814 1059 1865 et
1087 1823 1134 1865 se-

123 1890 245 1967 quitur,
268 1895 306 1948 ut
327 1885 536 1965 deductores,
558 1890 615 1970 qui
635 1899 834 1970 postremum
857 1899 986 1950 nostrae
1003 1889 1136 1950 -labulae

124 1991 254 2031 carmen
276 1980 405 2047 canunt,
429 1970 530 2031 iidem
551 1975 677 2035 fuerint
696 1993 768 2033 cum
790 1974 888 2034 hisce.
932 1971 1026 2052 Quod
1048 1971 1136 2034 idem

123 2064 292 2134 postquam
332 2056 395 2134 jam
434 2054 562 2137 pridem
597 2057 839 2142 significaverat
868 2057 1061 2134 Klausenius
1100 2056 1136 2115 in

82 2196 86 2203 ,
122 2137 382 2222 theologumenis
403 2139 557 2219 Aeschyli
585 2161 617 2222 p.
640 2142 697 2218 45,
729 2150 795 2202 not.
817 2143 875 2219 57,
913 2161 1017 2223 nuper
1037 2139 1136 2201 etiam

122 2219 319 2281 Fritaschius
341 2226 455 2284 statuit
476 2225 511 2283 in
533 2243 669 2286 censura
694 2244 725 2306 p.
751 2227 809 2289 113
831 2247 894 2306 sq„
926 2227 973 2284 ita
994 2222 1135 2306 quidem,

121 2311 159 2364 ut
187 2305 296 2385 plures
330 2325 458 2367 caussae
489 2309 528 2368 ab
557 2311 629 2389 ipso
657 2307 776 2369 allatae
808 2317 864 2368 aut
895 2309 1042 2369 infirmae
1070 2307 1136 2368 sint

122 2396 180 2446 aut
209 2389 332 2454 nullam
360 2410 493 2469 prorsus
520 2395 586 2453 vim
617 2391 770 2466 habeant,
806 2393 1000 2472 obloquente
1028 2398 1135 2450 tamen

123 2469 305 2550 Muellero,
330 2488 387 2532 nec
410 2471 611 2534 adsentiente
632 2471 843 2548 Hermanno,
864 2492 1056 2554 quamquam
1075 2490 1136 2552 pu·-

123 2555 264 2628 taveris,
303 2574 413 2616 veram
445 2558 496 2616 rei
531 2559 690 2616 rationem
720 2557 774 2617 vel
802 2557 1013 2638 perturbante
1040 2573 1136 2617 versu

124 2638 202 2710 959,
224 2646 261 2696 ut
281 2635 412 2719 quidem
433 2637 539 2701 adhuc
560 2638 614 2702 edi
636 2640 777 2718 solebat,
798 2659 817 2702 e
838 2642 917 2701 solis
939 2640 1002 2704 964
1022 2646 1054 2702 et
1074 2637 1136 2702 965

123 2729 188 2780 tam
222 2722 310 2782 clare
338 2722 481 2799 elucere,
512 2733 550 2784 ut
575 2725 708 2785 omnino
736 2743 802 2784 non
822 2722 974 2787 videatur
998 2724 1034 2782 in
1061 2741 1137 2782 con·

123 2805 317 2866 troversiam
338 2803 455 2866 cadere
474 2827 577 2887 posse.
620 2808 661 2867 lit
680 2826 797 2870 vereor
818 2805 984 2889 equidem,
1005 2815 1044 2868 ut
1063 2801 1137 2867 c'um

125 2887 236 2968 aliqua
255 2890 404 2950 veritatis
425 2893 532 2971 specie
553 2899 737 2974 opponatur
757 2892 797 2955 ab
822 2894 882 2953 illo
902 2893 937 2951 in
959 2887 1137 2974 appendice

126 2991 157 3051 p.
182 2974 239 3050 27,
275 2975 435 3057 refragari
466 2978 531 3053 jam
558 2976 610 3052 id,
648 2972 735 3056 quod
771 2977 910 3036 carmini
939 2974 1137 3054 Προπομπῶν

126 3073 263 3135 persona
293 3057 435 3137 praelixa
456 3061 509 3122 sit.
566 3059 678 3121 Nolim
701 3059 830 3140 quidem
853 3059 1065 3140 respondero,
1101 3061 1138 3118 in

127 3136 220 3199 codd.
249 3138 337 3201 Med.
368 3150 401 3201 et
433 3141 509 3228 Reg.
538 3143 576 3205 L.
605 3151 701 3224 atque
727 3145 761 3202 in
790 3143 839 3205 ed.
862 3144 935 3206 Ald.
964 3163 1026 3225 pro
1049 3147 1138 3221 Προ-

127 3224 242 3302 πομποῖ
262 3224 327 3309 legi
349 3222 468 3303 Χορός,
490 3229 526 3286 in
548 3227 598 3290 ed.
621 3228 699 3290 Rob.
723 3239 831 3289 autern
852 3229 975 3288 nullam
996 3227 1138 3310 reperiri

127 3325 285 3389 personae
306 3312 524 3387 notationem,
546 3351 588 3364 -
608 3331 682 3372 nam
703 3313 738 3372 in
768 3331 902 3372 recensu
928 3329 1138 3392 personarum

128 3393 162 3450 in
184 3392 349 3466 omnibus,
371 3393 458 3475 quod
478 3414 538 3473 ego
560 3397 669 3472 sciam,
692 3396 786 3458 libris
808 3414 903 3456 macr.
926 3396 1044 3456 ultimo
1065 3395 1139 3455 loco

128 3485 424 3537 commemorantur
433 3482 618 3560 Προπομποί
622 3505 634 3556 ;
650 3519 690 3530 -
712 3499 786 3557 nec,
803 3477 880 3539 inde
902 3479 985 3540 nihil
1006 3479 1139 3540 omnino

130 3560 231 3639 sequi,
252 3560 328 3622 ideo
345 3561 550 3639 contendere,
573 3563 660 3646 quod
680 3575 811 3644 praeter
831 3564 890 3622 hos
911 3565 946 3622 in
968 3565 1028 3624 illo
1049 3561 1140 3621 nulla

129 3641 187 3702 fiat
212 3646 482 3732 Areopagitarum
509 3650 650 3725 mentio,
685 3650 793 3730 iique,
831 3649 887 3728 qui
916 3647 979 3708 hoc
1010 3663 1140 3707 carmen

131 3736 251 3786 cantant
274 3729 465 3791 Eumenides
487 3729 701 3808 deducentes,
723 3751 904 3814 quanquam
925 3731 1025 3791 iidem
1047 3737 1141 3789 antea

131 3809 273 3888 judicum
295 3833 427 3875 munere
447 3818 568 3893 functi,
598 3837 696 3898 quum
717 3825 869 3896 tanquam
892 3813 1012 3891 judices
1033 3821 1141 3872 mutae

131 3913 288 3976 personae
307 3900 391 3971 sint,
414 3917 549 3980 quarum
572 3903 604 3960 in
628 3901 687 3961 illo
709 3919 843 3961 recensu
864 3900 986 3960 mentio
1008 3898 1140 3958 omnino

131 3981 358 4062 praetermissa
378 3993 443 4058 est,
474 3977 627 4064 tanquam
649 3981 840 4048 deductores
862 4001 927 4044 non
948 3985 1043 4058 item,
1066 3997 1142 4042 con-

130 4065 300 4130 venienter
327 4064 389 4126 hoc
417 4071 526 4149 potins
554 4070 685 4130 nomine
716 4067 865 4130 distincti
893 4069 976 4143 sint,
998 4099 1039 4120 -
1067 4084 1142 4130 nam
