2652 4688
227 345 305 420 212

271 520 313 583 ab
331 518 495 601 Aeschylo
516 533 578 599 pro
599 511 695 576 πλέων
717 505 902 574 adhibitum
923 513 993 588 sit,
1034 516 1259 596 quaesiverim,

270 606 412 667 Iioaatne
444 603 624 663 dictionem
660 595 756 659 advos
785 595 875 660 πλέον
905 598 997 660 τίθου
1027 601 1259 682 interpretari:

270 690 456 751 laborem
476 686 616 767 pluris
641 691 750 764 puta.

228 773 305 858 Peg.
327 773 387 848 54,
417 769 459 832 ad
480 767 592 830 adnot.
615 769 651 828 in
672 766 730 827 Vs.
752 767 825 831 239.
869 767 946 828 tan.
971 771 1010 830 17
1033 787 1098 850 pro
1118 769 1181 832 229
1201 787 1262 832 ser.

269 859 343 922 292.
376 856 519 918 Versum
537 851 763 934 Sophocleum
783 851 907 914 nollem
926 853 963 912 in
984 854 1260 936 comparationem

262 960 446 1004 ¹rorensem.
935 983 938 988 ψ

229 1057 275 1079 -ι
291 1028 356 1103 59,
378 1023 420 1086 ad
443 1023 516 1084 init
535 1040 610 1106 pag.
631 1016 867 1102 Μαπροφόνους
886 1022 989 1084 scribi
1010 1021 1106 1101 jubet
1124 1016 1254 1085 Ellendt.

376 1111 458 1171 Lex.
481 1105 637 1189 Sophool.
660 1107 737 1169 Vol.
760 1106 814 1180 11,
845 1127 878 1189 p.
892 1104 1027 1168 XVIII.

226 1225 272 1245 ›-
302 1227 345 1244 -
373 1191 415 1254 ad
436 1190 548 1253 adnot.
570 1191 607 1250 in
628 1189 759 1255 Venno
779 1210 868 1274 seqq.
901 1190 1034 1254 Vellem
1055 1189 1264 1265 monuissem,

270 1274 490 1361 reputandum
510 1293 601 1350 esso,
624 1273 712 1356 apud
732 1276 876 1361 tragicos
897 1283 1011 1357 poetas
1033 1295 1102 1337 non
1124 1276 1263 1356 reperiri

270 1363 536 1441 conjunctionem
561 1359 803 1441 particularum
829 1357 916 1434 ἧ·-
935 1357 1018 1434 isos.
1082 1359 1261 1422 Notarerat

270 1449 335 1528 jam
357 1443 544 1507 Loboekius
565 1440 677 1504 adnot.
699 1442 744 1504 ad
763 1440 919 1524 Sophool.
941 1443 992 1523 Aj.
1014 1463 1047 1526 p.
1071 1447 1154 1518 lto,
1178 1441 1260 1517 adm,

271 1540 306 1594 et
326 1531 446 1607 simul,
482 1549 501 1590 e
521 1527 660 1590 Platone
679 1547 763 1607 qnae
784 1530 999 1604 afferrentur,
1034 1532 1143 1592 minus
1164 1545 1266 1609 appo-

224 1669 228 1678 .
271 1617 336 1677 sita
357 1634 448 1689 esse,
487 1610 727 1674 demonstrasse
748 1608 988 1676 Schneiderum
1009 1610 1053 1673 ad
1075 1611 1148 1675 Cir.
1168 1611 1206 1689 1,
1236 1632 1265 1693 p.

269 1701 321 1766 62.
365 1699 415 1760 De
436 1696 577 1780 quadam
599 1693 760 1758 Brunckii
781 1698 997 1774 conjectura,
1041 1697 1139 1760 illam
1166 1698 1266 1778 parti-

182 1828 185 1833 ·
270 1784 422 1846 aularum
450 1777 903 1861 conjunctionem'Sophooli
931 1779 1177 1844 restituendam
1200 1800 1265 1842 esse

270 1868 455 1944 mentis,
483 1863 552 1928 rid.
573 1862 717 1929 Ellendt.
732 1865 813 1929 Lex.
827 1865 983 1948 Sophocl.
1007 1865 1129 1943 vett,
1151 1886 1185 1948 p.
1193 1867 1264 1942 153,

140 1959 144 1968 '
270 1950 450 2016 sedetiam
472 1949 548 2011 Vol
570 1948 621 2026 II,
650 1969 683 2031 p.
706 1951 779 2014 339.
822 1949 861 2012 In
890 1953 1040 2011 auctario
1070 1958 1189 2013 tamon
1214 1949 1267 2010 ad-

270 2039 480 2101 notationum
508 2031 550 2094 ad
578 2031 681 2114 Soph.
706 2035 857 2112 Ajacem,
890 2032 979 2115 quod
1007 2034 1197 2111 subjectum
1223 2043 1265 2094 est

269 2119 528 2203 paralipomenis
558 2136 607 2202 gr.
631 2115 711 2191 Gn,
750 2138 782 2199 p.
804 2121 889 2197 553,
930 2117 1121 2182 Lobeolrius
1146 2121 1264 2203 profert

271 2202 456 2285 exemplum
478 2200 636 2262 dictionis
659 2221 677 2262 o
698 2201 884 2264 Menandro
905 2206 1055 2284 petitum.

228 2319 270 2332 -
292 2290 356 2364 69,
396 2284 439 2348 ad
469 2287 543 2346 init.
574 2305 649 2372 pag.
691 2287 766 2346 Liu.
789 2290 810 2351 3
831 2307 895 2351 sor.
918 2289 990 2352 823.
1037 2287 1119 2352 Lin.
1146 2285 1259 2354 tium

272 2369 522 2449 »(273We11.)«
547 2368 827 2451 transponendum
851 2380 923 2434 arat
942 2380 1017 2454 post
1042 2373 1162 2435 »Eum
1182 2375 1265 2439 282(

269 2458 320 2520 De
341 2456 590 2532 controversia,
614 2475 711 2535 quam
732 2457 850 2540 tetigi,
876 2457 949 2518 »oui
970 2453 1210 2520 distrahendas
1231 2477 1269 2517 ne

270 2561 358 2603 nnnc
379 2537 512 2623 quidem
535 2558 570 2600 se
590 2558 704 2621 parem
725 2541 845 2602 sentit«
869 2537 1079 2621 Lobeolrius,
1102 2543 1220 2619 aliter,
1241 2550 1271 2604 et

269 2627 383 2689 forsan
407 2626 553 2698 rectius,
596 2625 733 2701 statuit,
771 2625 827 2686 vir
846 2624 1068 2706 peritissimus
1090 2625 1210 2691 adnot.
1231 2624 1272 2686 ad

269 2707 372 2792 Soph.
393 2707 442 2787 Αἰ.
475 2727 507 2789 p·
531 2705 593 2772 228
614 2726 702 2789 seqq.
765 2707 880 2771 Dictis
902 2717 1011 2770 tamen
1032 2709 1163 2789 pionpant
1181 2733 1271 2791 μητρ.

269 2794 334 2857 hoo
366 2793 442 2855 loeo
473 2799 606 2874 oportet
641 2793 859 2872 piaculum
896 2812 915 2855 e
952 2790 1081 2856 caede
1118 2798 1274 2858 matris

225 2909 229 2914 ·
268 2876 734 2962 eontraotumsignificst.
1182 2937 1187 2942 ,

224 2995 269 3012 ι-
291 2967 351 3039 61,
379 2958 422 3022 ad
442 2961 496 3022 fin.
518 2979 593 3046 pag.
636 2959 785 3022 Difficile
806 2962 908 3024 tuerit
929 2959 1140 3042 dijudicare,
1171 2983 1276 3047 quum

270 3046 466 3128 praesertim
488 3043 545 3109 Vs.
569 3047 631 3110 276
652 3046 784 3126 spurius
804 3048 870 3123 sit,
904 3045 944 3109 de
966 3067 1033 3128 quo
1053 3046 1139 3110 vide
1169 3069 1205 3130 p.
1228 3051 1277 3122 st,

271 3147 346 3194 oum
369 3147 434 3211 quo
456 3129 618 3192 vocabulo
640 3129 861 3192 construenda
882 3133 927 3192 sit
946 3151 1012 3194 vox
1034 3131 1138 3210 ὁμοῦ,
1163 3144 1279 3196 utrum

217 3261 230 3276 -.
272 3233 349 3281 cum
369 3210 468 3278 πάντα
488 3233 532 3274 an
553 3233 628 3276 oum
648 3209 830 3294 γηράσκων.
889 3215 964 3276 Ηοο
985 3216 1136 3278 alterum
1157 3219 1194 3280 si
1218 3229 1281 3280 sta·

271 3307 405 3375 tnatur,
438 3295 539 3360 hodia
560 3300 673 3362 nescio
694 3317 737 3360 an
758 3308 901 3381 praestet
924 3299 1003 3378 ὁμοῦ
1023 3298 1147 3364 eadem
1171 3307 1281 3366 ratio-

272 3403 315 3445 no
346 3402 420 3448 oum
449 3383 628 3465 participio
659 3391 884 3447 constructum
911 3380 1067 3462 credere,
1099 3406 1174 3468 qua
1201 3389 1283 3449 alibi

272 3467 355 3547 ἅμα,
394 3461 434 3528 de
457 3485 522 3549 qno
541 3466 610 3530 vId.
634 3487 717 3550 quae
737 3465 980 3530 adnotaverunt
1007 3467 1213 3537 Blomfield.
1246 3469 1283 3532 ad

239 3603 242 3612 .
270 3554 297 3613 A
321 3572 384 3612 am.
409 3551 822 3629 Vs.1616(1609VVelt)
846 3561 879 3614 et
898 3551 1097 3616 Stallbautn.
1123 3553 1172 3616 ad
1199 3556 1283 3619 Plat.

271 3574 398 3698 Pdileb.
421 3633 457 3696 C.
486 3639 556 3702 106.
602 3634 670 3702 Cir.
692 3636 780 3700 Pers.
802 3635 859 3697 Vs.
878 3640 951 3702 999.

231 3699 272 3772 -ζ
293 3722 358 3799 to,
392 3720 450 3783 lin.
473 3722 515 3784 29
533 3728 616 3866 post
638 3718 746 3784 »cre«
770 3721 880 3784 insere
903 3721 980 3789 »vs
1001 3683 1126 3788 9129(-

230 3837 272 3856 -
293 3807 354 3881 74,
378 3804 436 3864 lin.
453 3807 491 3868 13
512 3823 530 3865 a
556 3805 614 3868 de:
640 3803 851 3873 »Mehlhorm
874 3805 984 3870 adnot
1007 3806 1051 3869 ad
1070 3807 1289 3878 Anaemont

224 3917 228 3922 ·
270 3891 330 3968 95,
354 3887 411 3990 Vs.
432 3891 544 3988 ¹¹.⁷.P·
561 3893 703 3992 ¹1¹¹.⁸‘1·“
760 3887 913 3992 Ceterum
933 3893 1151 3996 conjectura,
1187 3915 1288 3980 qnam

271 3973 1076 4147 tillo,”tltttlzllltttn”tultam
1099 3982 1309 4043 'mm
