2812 4690
208 323 288 446 «s

219 541 358 601 ionum
379 537 449 600 sive
470 539 640 597 curvatum
661 531 807 596 sedentis
827 529 1027 610 veleuntis,
1055 529 1262 592 nemetiam

239 619 461 706 ingredientes
487 616 585 700 pedes
614 618 768 684 habemus
796 617 928 678 flexos.'
956 613 1013 678 Sic
1039 611 1079 676 do
1105 609 1263 675 Minerua

239 707 294 769 val
315 713 424 766 stante·
440 703 494 764 vel
514 700 645 762 sedente
665 699 802 761 euntem
825 701 965 784 cogitari
985 699 1099 782 possit.
1150 687 1263 758 offen*

241 787 298 849 das
320 785 451 870 quidem
472 783 508 844 iu
528 801 585 859 oo,
614 780 702 866 qnod
722 781 875 844 Minerva
896 784 1011 846 amicis
1033 781 1193 842 auxilium
1214 783 1263 840 fe

241 887 316 934 runs
338 868 450 932 sedere
472 865 605 931 dicitnr.
648 863 714 929 Sed
739 885 804 927 non
827 884 907 948 opus
936 874 985 927 est
1000 863 1046 927 ‘de
1068 864 1193 925 auxilio
1225 860 1263 922 itt

242 955 332 1014 bello
365 955 432 1013 lato
454 953 611 1036 cogitare.
655 949 767 1010 Potuit
793 957 1145 1030 autem,1qua,mquam
1173 955 1264 1008 stans

156 1066 159 1072 ·
242 1037 296 1100 cel
316 1034 439 1109 sedens,
461 1033 614 1097 Minerva
635 1031 703 1094 dici
722 1033 882 1094 auxilinm
904 1035 1001 1109 ferre,
1023 1051 1097 1093 nam
1118 1027 1171 1092 'trel
1192 1029 1265 1092 sola

244 1119 312 1198 ejus
332 1119 518 1202 praesentia
546 1113 588 1177 ad
618 1115 703 1178 hanc
724 1131 794 1177 rem
814 1115 1006 1178 sufficiebat.
1057 1111 1168 1176 Ceteri
1195 1113 1265 1174 loci

243 1203 433 1284 Aeschylei‚
456 1201 514 1262 nbi
535 1201 686 1282 loquutio
706 1197 825 1261 τιθέναι
845 1195 927 1273 Ιπόδα
948 1201 1126 1272 invenitur,
1149 1199 1265 1284 Agame

187 1355 191 1364 ,
244 1285 406 1352 vesus:
439 1279 480 1364 μὴ
509 1284 606 1366 χαμαῖ
633 1277 810 1363 τιδεδςῐτόν
828 1278 893 1362 Ισ“ν
913 1279 995 1345 πόδα
1016 1292 1049 1345 et
1068 1281 1182 1364 Snppl.
1205 1280 1263 1340 Vs.

244 1373 302 1436 32:
323 1372 396 1450 uolo
416 1365 498 1431 πόδα
515 1367 618 1452 χέρσῳ
638 1363 702 1451 τῇδ’
724 1362 755 1428 ἕν
777 1361 890 1428 ἀσώδει
910 1367 1024 1442 διεῖναι,
1048 1385 1113 1428 non
1128 1366 1265 1438 omniuo

246 1455 369 1516 similes
397 1459 481 1514 eunt
540 1445 724 1532 Ὀρδόπανς
752 1459 810 1510 aut
840 1450 1003 1536 significat
1031 1457 1140 1511 rectos
1167 1446 1266 1532 pedes

246 1535 435 1612 habentem,
467 1545 525 1596 aut
552 1553 643 1608 eum,
673 1553 766 1614 quem
792 1530 890 1614 pedes
912 1542 1002 1596 recta
1022 1537 1143 1596 ierunt.
1200 1527 1267 1592 Sed

247 1620 359 1682 altera
381 1620 460 1680 haec
480 1614 575 1681 verbi
602 1618 695 1678 notio
716 1618 774 1680 vix
803 1616 867 1678 hoe
894 1617 968 1679 loco
990 1617 1026 1678 in
1049 1617 1268 1697 comparatio.-

247 1719 322 1782 nem
343 1703 456 1766 vocari
476 1709 593 1785 potest.
644 1699 920 1762 Poetnmcertam
941 1697 1102 1782 quendam
1124 1699 1268 1760 fabulam

248 1789 284 1848 in
307 1788 433 1928 danimo
468 1784 636 1862 habuisse,
672 1793 711 1844 ut
741 1780 923 1847 Fritzschio
952 1785 1060 1847 visum
1093 1790 1162 1861 est,
1201 1801 1267 1842 non

213 1921 217 1937 .
249 1887 304 1930 cre
329 1889 359 1930 o.
381 1902 423 1916 --

593 2023 660 2096 vs.
687 2015 920 2120 accusso.

321 2225 324 2232 ,
379 2169 476 2235 Οὔτοι
498 2168 524 2235 o'
544 2168 706 2235 Ἀπόλλων
727 2163 792 2235 αδδ
812 2166 989 2246 Ἀδηναὶας
1012 2165 1123 2241 σθένος

375 2252 493 2358 ῥύσαιτ’
516 2254 573 2332 όν,
598 2255 676 2317 ione
696 2251 736 2336 μὴ
762 2251 798 2318 αὖ
818 2251 1064 2335 παρημελημένον
1136 2291 1137 2298 1

377 2343 493 2421 ιμ’ῥειν,
515 2337 550 2402 τό
570 2336 687 2424 χαίρειν
708 2335 748 2420 μή
771 2335 1004 2418 μαθόνθ’όπου
1026 2337 1158 2420 φρενῶν,

255 2460 258 2474 ·
377 2420 542 2504 ἀναίματον
562 2421 706 2506 βόσκημα
728 2417 879 2503 δαιμόνων
901 2419 1002 2483 σκιάν.

255 2563 258 2574 ν
333 2531 442 2593 Versu
463 2541 626 2612 postremo
643 2534 851 2596 Hermannus
870 2533 933 2610 jam
955 2533 989 2591 in
1013 2527 1158 2592 editione
1177 2529 1272 2592 falsu·
1388 2507 1389 2582 Ῐ

251 2617 302 2677 lae
334 2635 363 2676 a.
396 2619 478 2680 1799
504 2625 619 2678 curata
656 2627 732 2681 anto
765 2614 914 2696 δαιμόνων
946 2615 1134 2700 interpungi
1164 2615 1271 2704 jussit,

252 2715 348 2780 quam
375 2701 475 2760 etiam
502 2719 589 2760 nunc
617 2709 706 2763 tenet
731 2703 943 2776 sententiam,
982 2700 1090 2760 verbis
1119 2694 1273 2776 δαιμόνων
1388 2743 1389 2768 ι

253 2777 344 2844 σκιάν
372 2781 522 2843 acerbam
552 2783 713 2866 quandam
744 2786 937 2847 allusionem
966 2781 1071 2842 inesse
1091 2789 1206 2862 putens
1227 2779 1273 2842 ad
1388 2803 1389 2862 j

252 2867 470 2926 Homericum
491 2865 576 2928 illud
594 2866 634 2930 de
652 2866 716 2928 diis
734 2865 874 2929 dictum:
896 2862 1000 2928 τοόνεκ
1025 2886 1180 2944 αναιμονες
1196 2883 1270 2940 εισι,
1388 2873 1389 2936 s

253 2949 291 3010 ll.
315 2945 364 3023 V,
394 2946 451 3012 Vs.
474 2951 546 3013 342.
596 2949 790 3012 Germanice
811 2952 918 3013 ita-ex
943 2951 1039 3012 remit
1060 2948 1271 3010 sententiam:

253 3031 297 3092 du
318 3034 414 3096 wirot
434 3033 489 3092 ein
510 3033 774 3096 Glitterschatten
795 3036 883 3114 sein,
913 2972 954 3093 όα
978 3031 1031 3094 die
1054 3031 1171 3094 Glitter
1192 3029 1272 3093 lsein

223 3176 227 3186 „
252 3115 330 3174 Blut
356 3114 473 3180 haben.
535 3118 635 3199 Quasi
661 3137 741 3180 vero
769 3116 838 3194 dii,
869 3114 956 3200 quod
984 3118 1140 3200 sanguina
1166 3115 1273 3176 homi-

253 3215 330 3258 nnm
352 3207 449 3281 atque
470 3201 669 3262 animalium·
683 3209 810 3278 carent,
839 3201 975 3261 umbrae
995 3201 1109 3261 vocari
1130 3203 1272 3280 possent,

253 3289 304 3358 et,
334 3283 364 3341 si
390 3292 539 3363 possent,
578 3285 662 3345 tulis
689 3283 800 3348 divina
828 3285 960 3362 umbra,
995 3283 1198 3358 nolvumbra,
1235 3291 1274 3343 ut

253 3364 317 3425 hoc
347 3367 399 3426 nti
435 3365 553 3444 liceat,
595 3376 705 3428 atum
738 3367 802 3430 hoc
832 3370 907 3431 loco
944 3384 1072 3428 sensum
1108 3364 1272 3428 funderet.

253 3446 390 3508 interim
419 3449 517 3511 etiam
538 3387 767 3514 Waeefleldus
789 3449 854 3513 duo
883 3449 943 3511 illa
962 3451 1062 3512 verba
1091 3449 1274 3510 arctissime

255 3528 480 3616 conjungenda
501 3535 617 3596 statuit
636 3544 669 3598 et
688 3536 752 3615 jam
774 3544 849 3597 ante
871 3533 957 3594 hunc
977 3531 1211 3616 spanhemius,
1235 3541 1273 3594 ut

252 3622 391 3695 apparet
422 3635 440 3677 e
471 3625 550 3679 nota
577 3620 645 3698 eius
674 3615 715 3679 ad
742 3615 831 3701 Sept.
864 3615 936 3680 adv.
962 3616 1092 3680 Thebas
1121 3615 1278 3694 vesus,

254 3713 351 3778 quem
377 3697 506 3780 publici
531 3703 613 3780 juris
643 3705 723 3763 iecit
750 3701 926 3785 Hauptius.
990 3699 1031 3762 Et
1056 3699 1112 3761 hic
1141 3696 1275 3781 quidem

254 3779 418 3864 quomodo
438 3784 538 3846 verba
559 3782 752 3866 explicanda
773 3793 917 3862 censeat,
947 3803 1014 3846 non
1034 3783 1200 3870 significat
1221 3801 1276 3845 ac-
1388 3775 1389 3804 ¹

253 3866 419 3942 curatius,
458 3869 614 3946 conjicias
641 3877 767 3948 umen,
804 3869 948 3933 voluisse
976 3887 1050 3930 eum
1067 3866 1276 3930 ,vocobulum

254 3944 345 4010 ααιᾶν
364 3950 664 4033 circumscriptioni
690 3953 869 4031 inservire,
898 3960 937 4013 ut
964 3971 1031 4012 non
1060 3951 1201 4011 multum
1223 3947 1276 4025 di-

250 4041 341 4108 otaro
360 4039 473 4116 putem
492 4037 686 4100 sententiam
707 4037 775 4116 ejus
797 4036 837 4098 ab
866 4035 943 4115 illa,
974 4051 1070 4118 quum
1091 4031 1277 4098 Wakefiel-
