2652 4688
1021 320 1097 404 tib

89 500 292 566 desorihenda
307 509 432 564 'essent
451 501 652 577 aebrmtlus,
665 503 679 540 ·’
688 503 789 563 etiam
798 498 1098 563 ·de=·0resteodiue-

90 598 153 666 ret,
173 595 207 648 et
228 588 341 664 simul,
362 603 426 667 quo
448 586 525 662 jure.
539 585 666 644 ibidmn'
682 585 828 654 donoro
841 585 1099 665 Erinnyumsnos

89 675 170 732 mine
208 690 391 732 sermonem
423 669 531 729 tuisse
552 670 826 747 .oonjererimus,··
843 667 921 730 'riam
941 669 1018 730 'uas
1048 685 1099 732 res

89 757 181 818 etiam
198 754 419 840 grammaticis
434 751 770 826 testibusaretissims
781 757 986 834 teonjunetae·
997 765 1099 813 erant

88 839 186 924 Ergo,
227 846 267 898 ut
300 837 413 919 paneis
446 833 717 915 eomprehendam
755 835 984 918 qnedwsentio
997 867 1008 913 ,·
1025 861 1029 874 ¹
1048 835 1101 897 ri·

89 919 181 982 detur
200 920 353 983 Minerva
374 921 411 980 in
439 920 500 996 iis,
519 949 522 956 ·
542 939 638 1000 qnae
656 919 910 998 interciderunt,
953 920 1031 979 dum
1060 917 1103 978 de

87 1024 201 1086 pompa
224 1001 368 1081 dicebat,
394 1003 522 1065 Orestis
539 1003 646 1074 denuo
658 1005 1042 1081 ιιιιιιειιιιιιι·ιιιείιιιιίιιι,Ι
1055 1004 1103 1062 ita

88 1086 234 1168 quidem,
255 1097 294 1148 ut
313 1088 426 1148 Furias
449 1087 649 1164 hortaretur,
670 1095 708 1148 ut
728 1090 827 1149 etiam
849 1087 927 1148 huic
948 1105 1015 1146 non
1035 1105 1103 1145 am-

85 1172 172 1253 plius
194 1173 429 1247 irascerentur,
458 1179 554 1251 atque
574 1181 649 1251 post
668 1171 722 1232 tel
743 1173 831 1232 inter
851 1191 889 1232 ee
909 1170 1026 1244 verba,
1055 1171 1104 1229 in-

90 1263 211 1316 certum
233 1275 296 1337 qua
317 1256 555 1331 ratione‚·non
579 1263 687 1316 tamen
710 1264 862 1336 tanquam
883 1276 943 1338 per
963 1255 1105 1314 occasio-

89 1359 172 1416 nem,
192 1337 250 1401 sed
270 1341 318 1402 ita
338 1345 375 1399 ul
395 1358 495 1400 nexus
514 1337 647 1420 qnidam
670 1337 758 1402 inter
776 1348 949 1422 utramque
965 1356 1035 1399 rem
1056 1338 1105 1396 in-

88 1421 285 1502 tercederet,
324 1423 413 1484 hisce
433 1419 646 1484 Eumenidum
679 1441 795 1484 nomen
823 1423 1035 1506 imposuisse,
1075 1427 1108 1480 et

89 1504 206 1568 deinde
227 1510 309 1571 viris
324 1506 594 1584 Atheniensibus,
615 1508 673 1584 qai
693 1516 788 1568 antea
809 1505 953 1585 judicum
973 1523 1107 1566 munere

89 1593 192 1653 functi
215 1600 326 1668 erant,
364 1588 550 1666 mandasse,
586 1598 624 1650 ut
645 1591 741 1651 illum
762 1592 798 1650 in
819 1591 916 1654 finem
937 1591 1012 1653 deas
1034 1608 1108 1650 oum

89 1675 163 1738 aliis
183 1685 253 1738 tum
274 1674 436 1736 sacrificio
459 1674 570 1735 oblato
591 1673 802 1736 honorarent.
1011 1679 1014 1685 ’

170 1761 212 1821 Et
232 1760 312 1820 haec
332 1761 402 1820 fere
422 1766 499 1818 suut
518 1776 599 1840 quae
620 1758 679 1819 sub
700 1761 807 1840 ipsum
827 1759 926 1820 finem
948 1760 1109 1821 orationis

88 1843 259 1908 Minervae
288 1840 377 1903 diota
407 1849 567 1924 putamus.
610 1841 699 1904 Num
729 1861 808 1904 vero
836 1851 933 1914 antea
961 1843 1109 1926 pluribus

89 1937 123 1990 et
150 1926 191 1989 de
220 1925 357 2008 reliquis
386 1925 493 1986 cultus
513 1923 729 1989 Eumenidum
756 1927 905 2007 partibus
932 1926 1026 1989 etde
1048 1928 1111 1988 hoe

89 2013 188 2074 etiam
217 2015 253 2072 in
286 2016 452 2091 posterum
482 2007 602 2070 deabus
638 2009 814 2072 tribuendo
852 2031 958 2073 sermo
993 2013 1110 2086 iuerat,

87 2105 126 2158 ut
145 2093 344 2157 Fritzsohius
365 2101 546 2237 auquretur
568 2095 603 2154 in
624 2095 684 2171 iis,
718 2113 799 2174 quae
820 2099 969 2176 superius
994 2115 1026 2175 p.
1051 2097 1111 2160 195

89 2188 123 2242 et
143 2201 190 2262 sq.
220 2187 303 2242 extr.
337 2175 415 2239 exhi
437 2178 565 2238 ui'mus?
617 2177 694 2238 Non
727 2178 855 2260 opinor.
909 2181 994 2242 Nam
1030 2199 1111 2261 quae

87 2267 124 2324 in
147 2265 219 2344 ipsa
247 2261 398 2324 oratione
427 2258 534 2322 adhuc
562 2261 723 2322 exstantia
749 2264 859 2323 virum
882 2262 1021 2324 doctum·
1040 2283 1112 2325 mo·

88 2355 225 2426 verunt,
262 2353 301 2406 ut
327 2345 465 2404 alteram
492 2345 560 2421 ejus
588 2353 715 2425 partem
736 2343 801 2404 huc
821 2355 983 2426 spectasse
1003 2345 1114 2408 crede-

90 2438 159 2506 ret,
187 2427 287 2490 verba
307 2422 343 2487 τὸ
364 2422 486 2500 λοιπὸν,
522 2428 551 2486 si
572 2428 700 2512 integra
721 2431 899 2504 sententia,
927 2430 986 2489 ubi
1006 2432 1115 2510 posita

91 2521 185 2588 suut,
218 2507 260 2572 ad
283 2508 430 2569 Orestem
451 2510 577 2589 potius,
616 2529 712 2591 quam
735 2510 776 2570 ad
796 2511 1009 2574 Athenienses
1031 2517 1114 2575 refe-

89 2593 191 2660 rende
214 2602 279 2673 est,
300 2592 387 2653 nihil
409 2590 567 2670 ejusmodi
588 2594 739 2674 probant.
785 2595 927 2658 Omnino
949 2617 1029 2660 vero
1051 2598 1114 2658 hoc

90 2681 250 2764 placitum
280 2695 322 2738 ne
352 2695 412 2757 per
443 2696 477 2738 se
509 2675 642 2757 quidem
673 2678 843 2758 probabile
874 2689 932 2743 est.
986 2682 1115 2742 Etenim

91 2768 163 2826 siue
191 2762 315 2822 cultum
341 2760 540 2822 dearum-in
566 2763 755 2824 universum
784 2762 1021 2826 instituendum
1047 2784 1116 2827 esse

91 2867 220 2925 censes,
249 2847 319 2906 sive
340 2844 486 2928 singulas
508 2845 682 2906 nonnullas
704 2847 771 2924 ejus
792 2857 901 2929 partes
923 2867 1116 2912 commemo-

89 2928 227 3006 randas,
263 2929 332 2990 sive
359 2928 514 3010 populum
536 2928 768 2992 Atheniensem
797 2929 1011 3009 monendum,
1049 2952 1117 2994 orn-

90 3015 188 3074 nibus
209 3013 299 3074 hisce
327 3013 390 3091 jam
411 3022 507 3072 antea
534 3013 735 3074 satisfactum
757 3023 828 3078 erat
849 3037 868 3076 a
889 3015 1041 3080 Minerva
1063 3018 1117 3094 iis,

91 3117 176 3178 quae
198 3098 342 3176 primum
362 3094 420 3156 Vs.
443 3098 502 3160 771
526 3115 614 3178 sqq,
636 3106 706 3157 tum
727 3097 784 3160 Vs.
806 3101 869 3163 797
889 3119 977 3182 sqq„
1000 3098 1118 3162 deinde

88 3181 148 3242 Vs.
171 3181 234 3244 829
255 3199 324 3262 sqq.
347 3188 381 3239 et
402 3180 556 3262 inprimis
578 3179 655 3242 i'nde
676 3201 695 3240 a
717 3182 774 3244 Vs.
791 3183 853 3247 850
875 3182 1039 3264 usquead
1060 3183 1117 3248 Vs.

87 3267 163 3330 861.
186 3262 328 3344 denique
348 3261 405 3324 Vs.
428 3265 490 3329 946
510 3284 596 3346 sqq,
627 3262 773 3343 dixerat,
807 3285 947 3347 quorum
969 3268 1119 3330 locorum

87 3349 169 3411 talis
196 3348 283 3408 ratio
306 3355 369 3421 est,
410 3355 448 3410 ut
476 3355 573 3428 poeta
607 3347 670 3410 hoo
698 3354 833 3436 negotio
854 3352 890 3411 in
912 3353 1119 3432 sequentibus

86 3429 305 3513 supersedere
341 3449 408 3490 non
445 3440 512 3498 tam
544 3451 638 3512 posse
676 3454 772 3513 quam
804 3433 923 3495 debere
949 3434 1119 3506 videatur3

87 3519 193 3580 immo
214 3516 314 3577 etiam
335 3533 471 3596 pompa,
494 3535 556 3596 qua
577 3515 772 3578 Eumenides
794 3517 835 3580 ad
855 3511 946 3578 sedes
968 3538 1041 3580 suas
1063 3517 1121 3578 du-

88 3607 213 3658 cuntur
236 3607 269 3660 et
290 3617 383 3660 sacra
405 3601 440 3658 in
461 3617 499 3660 ea
521 3599 686 3675 obeunda,
726 3621 809 3682 quae
837 3621 889 3662 res
911 3600 1040 3662 demum
1062 3601 1120 3660 sub

87 3683 191 3741 tinem
221 3683 350 3746 tabulae
381 3685 484 3746 fusius
514 3681 759 3759 describuntur,
797 3687 860 3764 jam
888 3685 946 3748 Vs.
968 3686 1031 3750 816
1051 3705 1120 3766 sqq.

88 3775 249 3846 tanquam
276 3769 375 3826 etiam
397 3767 432 3825 in
461 3776 628 3849 posterum
656 3767 816 3830 duratura
848 3770 895 3830 ita
925 3787 1120 3848 conrmemo·

87 3855 228 3924 rantur,
250 3856 287 3908 ut
307 3848 407 3910 neda
430 3849 492 3910 hoc
514 3849 646 3932 quidem
667 3854 702 3912 in
725 3852 786 3914 han
808 3850 937 3915 demum
958 3858 1123 3934 postrema

85 3930 267 4000 Minervae
283 3933 434 4000 oratione
454 3953 638 4001 sermonem
659 3936 760 4002 fuisse
779 3937 951 4024 probabile
969 3936 1031 4009 sit;
1054 3933 1123 3996 Mi-
