2794 4692
1033 371 1174 448 LXXV

138 547 256 622 edere
284 559 319 620 el
348 545 391 620 de
421 571 593 638 munere,
637 543 730 640 quod
754 543 842 642 ipsis
873 558 970 620 sorte
995 539 1177 644 obtigerit,

145 652 292 744 dicere,
336 672 466 744 nempe
500 645 679 743 quomodo
710 670 772 738 ea,
813 671 910 744 quae
936 644 980 742 ad
1010 644 1177 734 homines

145 751 370 849 pertineant,
398 748 651 823 administrent
665 744 734 840 ⁶⁵)3
777 771 815 822 se
834 771 940 838 veru,
973 746 1091 842 ajunt,
1121 770 1178 817 re-

149 867 232 926 ctas
256 850 394 946 judiees
420 875 513 924 esse:
556 856 664 946 puras
693 873 822 922 manus
847 846 1111 945 proferentibus
1124 844 1178 938 66)

146 953 291 1026 nullam
316 951 360 1025 ab
387 950 472 1046 ipsis
501 951 598 1024 iram
630 950 816 1046 adrepere,
860 949 921 1022 sed
945 949 1012 1023 hos
1031 947 1177 1021 ‘illaesos

146 1054 269 1128 ¹vitam
293 1077 502 1150 permeare,
529 1051 586 1125 sin
606 1050 685 1146 quis
706 1055 942 1126 scelestorum
967 1049 1179 1147 sanguineas

150 1179 283 1228 manus
317 1153 491 1244 occultet,
533 1177 572 1242 se
606 1152 759 1227 mortuis
789 1165 896 1229 testes
928 1149 1178 1250 reras1⁶⁷Jad

176 1425 223 1492 65)
257 1419 300 1476 lta
317 1422 413 1486 locus,
440 1421 488 1490 qui
503 1430 552 1477 'est
569 1423 620 1479 Vs.
639 1425 690 1480 3⁰⁰
709 1431 737 1478 et
754 1426 819 1490 301,
849 1422 1039 1494 accipiendus.
1051 1422 1178 1485 rideturt

257 1501 288 1545 ut
305 1503 372 1562 post
389 1506 484 1544 vocem
501 1490 568 1557 λα’χη
594 1490 703 1560 virgula
726 1493 892 1552 collocanda
916 1492 965 1546 sit.
999 1493 1125 1558 Namque
1144 1488 1179 1554 si,

155 1585 162 1594 ·
257 1571 290 1614 ut
307 1561 371 1613 fieri
390 1562 480 1625 solet,
508 1563 595 1614 rerba
612 1559 679 1626 λάχη
696 1557 811 1616 ιοὲ’κοτ’
826 1559 988 1626 ἀνθρώποιο
1005 1565 1180 1628 conjungun-

260 1640 319 1694 tur,
354 1630 501 1698 sequitur,
531 1641 561 1684 ut
577 1631 674 1684 Furiis
692 1632 776 1686 etium
801 1647 864 1684 sors
890 1631 977 1684 luerit
1002 1647 1057 1682 non
1075 1631 1108 1684 ad
1128 1631 1180 1698 lrof

222 1725 228 1741 =
257 1699 364 1765 mines,
398 1716 453 1766 qua
476 1699 671 1769 appellatione
689 1702 748 1754 vivi
767 1709 795 1754 et
811 1697 914 1752 mortui
939 1699 1181 1769 comprehendun-

257 1768 385 1834 ronaco
405 1769 438 1820 ad
457 1769 525 1820 deos
544 1769 705 1838 pertinens,
724 1769 754 1822 id
773 1770 848 1837 quod
866 1783 960 1822 verum
978 1785 1034 1820 non
1052 1776 1103 1821 est.
1124 1767 1183 1820 ce*-

256 1847 426 1961 ῑῦοαιὲὦυω
443 1839 500 1920 'boc
516 1839 584 1894 loco
601 1839 764 1894 conseratur
782 1841 822 1908 is,
838 1875 841 1884 ‚
855 1837 903 1906 qui
929 1837 1051 1893 inferius
1074 1835 1182 1906 legitur
1238 1881 1241 1892 .

289 1923 312 1958 s·
384 1943 391 1958 .
790 1927 792 1934 ,

180 1971 225 2039 66)
259 1975 318 2030 cfr.
343 1975 395 2030 Vs.
411 1978 477 2032 303:
512 1975 579 2031 talc
601 1977 652 2048 μὲν
677 1973 803 2044 καθαροῖς
827 1978 916 2044 χεῖρας
939 1977 1183 2044 npovtpomt,

260 2045 305 2100 sic
324 2045 396 2098 enirn
416 2047 594 2116 ‘scribendum
612 2048 724 2102 ridetur
741 2063 802 2100 cunt
820 2048 882 2100 cod.
901 2047 1002 2113 Farn,
1019 2046 1068 2112 qui
1088 2061 1184 2112 quam-

210 2157 212 2164 ,
261 2113 304 2167 vis
327 2123 495 2184 postremam
519 2134 615 2171 vocem
634 2134 650 2172 e
669 2117 847 2170 correctione
869 2128 958 2169 ortam
982 2115 1122 2168 exhibere
1141 2112 1184 2166 ui-

226 2211 231 2219 ·
259 2185 377 2250 deatur,
413 2196 441 2239 at
464 2187 534 2239 baec
559 2195 649 2242 tamen
675 2187 715 2240 ita
738 2193 898 2256 comparata
919 2194 979 2251 est,
1014 2191 1045 2236 ut
1067 2183 1186 2237 facilior

260 2253 342 2306 nulla
362 2253 486 2308 inveniri
504 2267 603 2324 queat,
623 2264 652 2310 et
671 2255 723 2310 illa
741 2269 850 2314 sensum
868 2252 1048 2324 satisjaptuut
1065 2253 1185 2322 sundere

261 2331 371 2392 potest,
407 2323 515 2394 quippe
539 2325 655 2378 eundem
685 2325 761 2389 sere,
799 2339 881 2391 quem
912 2322 941 2376 in
965 2324 1080 2376 Adnott.
1106 2341 1133 2392 p.
1151 2323 1185 2376 69

225 2431 239 2466 ν,
261 2389 385 2444 maxime
402 2393 513 2445 adrem
532 2393 686 2447 convenire
704 2391 844 2456 diximus,
875 2393 957 2444 modo
979 2385 1054 2458 quod
1072 2401 1185 2446 senten·

263 2459 304 2514 tin
329 2461 428 2530 paullo
454 2461 540 2516 aliter
566 2464 642 2516 elata
664 2471 708 2517 est
736 2471 764 2516 et
790 2459 899 2515 locutio
925 2459 1072 2527 imaginem
1101 2458 1185 2524 sistit,

264 2545 335 2596 quae
353 2531 450 2584 verbis
473 2534 565 2600 χεῖρας
583 2534 675 2598 φονίας
691 2529 894 2594 ἐπικρύπτει
917 2528 1027 2598 aptius,
1061 2543 1141 2595 quarn
1160 2527 1185 2579 si

262 2599 371 2661 i'zovrar
389 2595 514 2668 legatur,
534 2600 711 2670 respondeat.
746 2599 826 2653 lianc
844 2609 913 2653 vero¹
927 2598 1083 2652 uniuersam
1103 2599 1186 2664 huJus
1210 2633 1212 2640 ·

202 2667 205 2674 '
264 2667 533 2738 loci‘scri‘ptnratm
569 2671 604 2724 ad
631 2685 710 2736 quam
736 2669 910 2734 probandam
933 2668 1020 2720 hodie
1046 2679 1090 2719 rne
1117 2683 1187 2734 qua·

264 2734 337 2792 sivi
362 2741 535 2810 compulsum
560 2738 667 2804 sentio,
698 2739 773 2806 quod
797 2756 853 2819 pon
876 2742 932 2806 jam
950 2737 978 2790 in
1000 2737 1112 2791 Adnott.
1130 2751 1188 2789 am-

164 2827 169 2838 ·
264 2807 371 2878 plexus'
389 2823 463 2876 sum,
484 2809 658 2880 potissimum
677 2808 846 2862 insolentior
860 2807 941 2861 verbi
955 2810 1098 2876 προνέμειν
1111 2818 1189 2874 usus,

165 2898 168 2903 ·
264 2891 319 2930 non
338 2876 364 2928 is
382 2885 473 2931 tamen
491 2879 603 2932 omnino
622 2877 883 2962 analogia'careus,
910 2876 939 2930 in
960 2891 1057 2929 caussa
1075 2874 1137 2929 luit.

185 2946 232 3012 67)
266 2943 326 2998 cfr.
347 2943 399 3000 Vs.
416 2948 481 3002 308:
517 2945 689 3017 μάρτυρος
710 2949 816 3012 opici
836 2949 907 3000 ποῖαι
930 2943 1046 2999 θανοῦσι
1067 2961 1190 3015 παραγι-

216 3027 219 3035 ·
264 3011 401 3083 γιόμιναι,
437 3015 493 3070 Sed
518 3017 617 3071 nescio
640 3033 674 3071 an
700 3017 820 3087 primum
843 3017 1011 3070 vocabulum
1035 3015 1064 3067 in
1089 3015 1190 3067 mendo

267 3084 366 3139 cubet·
404 3083 498 3140 Habet
515 3087 545 3140 id
565 3085 678 3141 omnino
695 3086 801 3140 nullam
819 3085 971 3151 rationem,
1001 3083 1057 3136 nisi
1077 3091 1191 3136 senten·

266 3153 334 3205 tiam
367 3156 596 3224 praecedentium
627 3156 775 3210 verborum
805 3157 878 3209 hanc
910 3170 974 3208 esse
1005 3163 1125 3207 statuas:
1161 3151 1192 3204 si

268 3221 348 3290 quis
367 3224 512 3277 occulte
531 3225 670 3279 lacinus
689 3223 929 3295 perpetravit,
964 3222 993 3275 id
1014 3223 1088 3288 quod
1111 3222 1191 3277 nullo

267 3299 351 3360 pacto
376 3288 449 3346 ferri
478 3305 585 3362 potest,
603 3327 636 3336 -
671 3304 701 3349 et
726 3304 816 3350 tamen
845 3311 881 3348 ne
912 3292 956 3346 sic
983 3291 1096 3358 quidem
1123 3289 1193 3344 satis

242 3379 246 3388 ·
269 3370 363 3431 aptum
381 3360 510 3428 videtur,
542 3372 677 3431 quatenus
694 3363 821 3430 eaedem,
851 3362 954 3431 quibus
976 3361 1024 3414 nic
1041 3360 1117 3414 nihil
1135 3357 1194 3414 nisi

168 3449 171 3457 ’
251 3430 393 3484 testandi
410 3447 509 3485 munus
527 3431 681 3496 tribuitur,
700 3433 820 3492 subinde
837 3432 918 3504 ipsae
937 3445 1041 3502 poenas
1056 3427 1194 3497 exigendi

268 3499 412 3566 negotium
431 3501 536 3555 babere
560 3501 761 3574 perhibentur,
796 3503 869 3570 quod
889 3501 940 3554 vix
961 3501 1062 3553 idonee
1080 3499 1115 3552 ad
1133 3511 1193 3562 eos,

268 3569 319 3636 qui
340 3578 426 3624 testes
444 3581 544 3640 agunt,
572 3570 677 3624 referri
696 3579 798 3642 potest.
838 3570 977 3641 Suspicor
996 3569 1097 3638 igitur,
1125 3583 1194 3638 poe·

270 3645 325 3690 tam
344 3639 473 3693 dedisse:
508 3637 682 3709 μάοιοριο,
716 3641 832 3694 verbum
857 3650 886 3694 et
910 3653 947 3692 ex
966 3639 1064 3692 eodem
1089 3652 1195 3704 genere

269 3706 366 3762 oflicii
393 3707 507 3778 publici
534 3711 685 3780 repetitum
711 3721 795 3776 atque
823 3714 943 3776 sequens
968 3706 1132 3775 πράκτορες,
1168 3714 1196 3758 et

269 3775 367 3830 Furiis
388 3778 501 3848 saepius
520 3781 556 3834 ob
576 3779 734 3834 insectandi
753 3788 781 3833 et
804 3777 956 3846 indagandi
973 3777 1115 3848 negotium
1135 3788 1196 3830 cum

270 3847 390 3902 canibus
408 3849 577 3917 comparatis
601 3850 647 3903 vel
672 3851 727 3902 hoo
752 3849 816 3920 ipso
839 3847 952 3902 nomine
980 3845 1127 3916 insignitis
1152 3843 1196 3896 in·

270 3915 372 4002 primis
390 3918 577 3985 conveniens,
607 3929 636 3973 et
653 3917 727 3988 quod
747 3933 828 3972 unurn
848 3917 956 3988 optime
972 3917 1007 3969 ad
1026 3914 1196 3968 antecedens

270 3983 432 4052 ιπικρῦπτει
457 4003 489 4042 se
515 3988 650 4059 applicet
699 3987 801 4044 Forma
826 3983 933 4052 μαοιὴρ
959 3985 1044 4039 etiarn
1075 3980 1197 4048 reliquis

274 4056 395 4122 tragici-s
414 4055 507 4126 poetis
526 4068 663 4128 usurpata
680 4057 750 4122 suit,
785 4054 850 4109 eide
868 4055 1030 4110 Ellendt.
1050 4049 1197 4130 Lex.·So-

211 4135 215 4146 ·
270 4122 366 4194 phocl.
384 4125 452 4182 Vol.
472 4127 516 4192 ll,
535 4145 563 4199 p.
581 4129 616 4183 59
633 4143 689 4194 uqa
724 4135 871 4198 praeterea
889 4125 937 4179 adl
961 4120 1149 4192 quescitatut
1167 4119 1198 4174 0.
