2796 4694
1107 316 1175 436 aas

121 463 384 586 ¹aelroliaatarum
403 507 541 590 verbum
562 508 645 598 ᾐρᾶς
665 495 870 570 solummodo
891 507 934 570 ad
953 494 1153 594 παλααγαεῖς,
1221 499 1223 509 '

227 592 264 653 in
290 612 327 656 re
355 593 403 656 eis
429 599 506 655 ente
528 593 641 655 oculos
670 591 770 677 fuisse
787 589 1037 674 videtur'quod
1067 593 1158 676 iufra

161 697 189 740 s.
212 675 274 742 8⁰2
302 673 387 739 dicit
413 685 510 778 poeta
540 675 592 756 ἐμὲ
611 671 844 756 παλαιόφρονα,
871 683 905 737 et
924 676 1065 750 simibet
1095 697 1155 741 vo.

122 759 246 822 cabula
274 757 350 823 ὅσον
375 755 439 840 (το)
469 758 520 820 inl
548 783 600 823 σοι
628 777 708 825 vero
736 756 779 819 ed
806 759 935 840 μοίρας,
973 779 1072 844 vam
1095 779 1156 830 vox
1284 785 1289 794 ’

121 861 199 924 cem
226 841 385 926 putabant
412 840 500 905 idem
520 844 649 918 valere,
680 839 769 924 quod
791 837 826 905 τὰ
855 838 911 906 ads
930 842 1034 930 μέρος.
1097 833 1156 908 Est'

120 925 210 1008 liaeo
239 923 372 1010 quidem
396 925 478 988 eatis
504 927 590 988 mira
619 922 809 1008 explicandi
837 928 943 1006 ratio,
981 925 1039 992 sed
1067 923 1158 992 baud

121 1005 281 1096 indigua,
323 1011 463 1094 opinor,
505 1008 673 1073 cerebello·
707 1006 850 1087 ejusdem
889 1009 1056 1092 hominia,
1142 1011 1155 1072 i

120 1111 222 1177 saepe
258 1094 416 1164 similiter
447 1090 576 1175 ineptit
646 1089 735 1170 Audi
772 1088 1005 1156 Schueteium‘s
1056 1031 1158 1158 riddo,

122 1176 183 1240 vel
203 1177 253 1240 sic
280 1173 548 1256 iutelligeudum,
580 1184 619 1240 ut
648 1175 846 1239 vocabulum
873 1177 986 1260 μοίρας1
1010 1169 1157 1262 ερρριιαζ
1270 1209 1273 1218 2

122 1260 234 1323 tivum
254 1261 317 1323 sits
351 1257 505 1359 idemque
530 1260 641 1322 valeat
669 1257 752 1321 haec
781 1259 930 1338 locutio,
950 1281 991 1324 ac
1016 1258 1055 1324 rel
1083 1251 1157 1344 apis

124 1343 160 1406 dd
187 1339 408 1428 baldomeris
437 1342 541 1407 alorci
571 1340 613 1405 de
639 1341 722 1406 Jove
752 1339 880 1406 dictum
906 1343 1014 1408 Prom.
1040 1345 1154 1410 Vinci,
1203 1387 1204 1391 =

122 1426 288 1504 vs.151‚
318 1425 373 1491 vel
402 1434 441 1489 ut
470 1425 594 1508 Μοῖραι
622 1425 744 1488 Parcae
775 1425 860 1503 sint,
894 1447 1032 1510 quarum
1066 1429 1154 1515 legas

124 1511 355 1572 infricantur
383 1508 500 1572 Oreste
527 1507 711 1571 matricidii
737 1510 852 1592 poenis
878 1509 1006 1590 soluto,
1040 1518 1155 1595 utpote

122 1612 210 1680 quae
267 1589 473 1655 umenidibus
510 1592 657 1656 officium
685 1590 845 1672 ejusmodi
880 1596 1067 1657 facinorum
1103 1596 1157 1662 ul-,

124 1679 253 1738 tionem
299 1670 497 1760 exsequendi
551 1670 829 1739 demandaverint.
916 1675 966 1740 Cf.
1010 1678 1055 1745 V.
1089 1673 1157 1745 335,

125 1761 212 1840 (320
239 1757 370 1840 Well.)
404 1766 438 1821 et
475 1775 581 1841 semp«
645 1755 805 1846 Equidem
838 1763 1057 1843 posteriorem
1097 1759 1157 1844 ex?¹

125 1843 343 1926 plicatiouem
376 1843 592 1926 praetulerim
619 1860 694 1904 cum
725 1850 863 1924 propter
897 1844 1059 1926 pluralem
1093 1866 1153 1908 uu-

124 1945 277 2006 merum,
319 1932 389 1988 tum
441 1933 579 2010 propter
623 1927 774 2008 opposita
821 1926 922 1990 verba
951 1925 1153 2012 ’παρανόμων

123 2011 221 2072 θεῶν.
267 2009 396 2088 Obiecit
415 2007 547 2092 quidem
569 2007 787 2085 Friteschius,
816 2028 889 2073 eam
908 2011 966 2074 vix
986 2033 1055 2076 esee
1075 2034 1153 2098 pro-

127 2091 285 2172 bandam,
317 2094 395 2176 quia
415 2094 464 2154 sic
485 2092 625 2154 exclusis
646 2092 755 2152 Furiis
776 2093 866 2155 solae
886 2093 1014 2158 Parcae.
1029 2117 1152 2160 memo-

126 2185 252 2239 rentur.
295 2173 361 2239 Sed
382 2177 514 2254 injurie.
559 2175 746 2256 Quaeritur,
768 2184 927 2257 quatenus
940 2198 1038 2242 versu
1054 2201 1152 2263 prae·

127 2258 261 2324 cedente
281 2256 402 2343 Apollo
433 2257 592 2341 templum
622 2277 716 2320 suum
745 2259 903 2341 polluisse
933 2258 1065 2325 dicetur
1092 2283 1156 2332 uo·.

126 2364 244 2408 vorum
266 2341 402 2406 deorum
425 2345 656 2405 auctoritatem
677 2349 775 2423 atque
796 2343 973 2424 imperium
993 2365 1151 2409 venerae.

127 2427 180 2492 do.
223 2424 459 2509 Nempexideo,
481 2422 569 2508 quod
584 2424 731 2486 Orestem
758 2427 873 2486 matris
894 2420 1157 2507 iuterfectorem,

126 2519 240 2596 utpote
268 2510 467 2592 supplicem,
497 2515 687 2591 receperat,
720 2514 754 2567 et
779 2504 816 2567 id
837 2506 969 2590 quidem
994 2511 1085 2590 juxte
1106 2513 1152 2574 le-

128 2612 183 2682 ges
205 2593 246 2656 de
269 2594 454 2656 reverentia
475 2610 553 2678 erge
573 2591 738 2672 supplices
759 2609 778 2651 a
800 2588 884 2653 Jove
904 2591 1005 2671 lates,
1033 2595 1152 2676 quibua

129 2675 272 2741 novidii
294 2677 479 2740 utebantur.
521 2675 624 2756 Atqui
643 2681 681 2734 ut
702 2683 792 2735 recte
804 2677 933 2737 monuit
946 2672 1151 2759 Schuetaius,

129 2762 237 2825 Furiis
263 2768 379 2822 contra
400 2758 548 2821 officium
569 2777 588 2818 a
608 2755 720 2820 Parcis
748 2755 936 2820 mandatum
962 2769 1051 2840 erat,
1083 2781 1150 2842 eos,

129 2848 186 2929 qui
213 2845 416 2929 propinquos
441 2849 627 2920 necassent,
667 2839 709 2903 ad
739 2849 879 2904 mortem
912 2861 1014 2927 usque
1041 2865 1150 2928 perse-

130 2927 259 3012 quendi.
311 2927 398 3027 Ergo
425 2927 591 3009 sequitur,
632 2933 792 2986 utentes
825 2941 985 2990 novorum
1014 2925 1151 2992 deorum

130 3013 176 3092 (h.
198 3033 227 3076 e.
257 3029 433 3095 praecspue
454 3009 560 3085 Jovis)
590 3007 672 3095 legis
700 3010 887 3072 contrariae
914 3010 1074 3088 latorum,
1102 3014 1151 3075 sic

128 3096 285 3158 hocloco
306 3095 502 3166 Parcarum,
532 3111 671 3175 quarum
691 3090 728 3155 id
748 3093 951 3172 institutum,
978 3094 1067 3178 quod
1087 3095 1151 3158 hoc

127 3199 224 3244 versu
245 3180 368 3242 laesum
389 3174 532 3255 dicitur,
553 3176 788 3257 perhibebatur
806 3177 922 3254 fuisse,
943 3186 977 3239 et
1001 3176 1151 3242 debuisse

130 3266 327 3328 mentionem
347 3261 443 3340 lieri,¹
455 3269 488 3324 et
508 3267 598 3324 recte
618 3262 738 3322 laetam
758 3279 836 3324 esse.
880 3261 1052 3322 Furiarum
1069 3282 1150 3332 vero

132 3346 414 3421 commemoratio,
453 3361 535 3427 quaa
563 3341 649 3404 nihil
676 3345 741 3404 uisi
763 3343 940 3410 Parcarum
961 3343 1150 3420 mandatum

72 3441 77 3452 '
133 3429 460 3576 {nepuelpautmiin
482 3427 544 3570 lploc
564 3428 798 3571 suoptenftliprprm
818 3447 907 3578 ρξέα
927 3429 1063 3571 omnipo
1071 3449 1150 3575 1pou

317 3532 344 3574 r.
419 3530 481 3573 ocu
633 3531 668 3571 m
774 3531 798 3572 s.
900 3531 1154 3575 αμα,

136 3534 430 3678 cidladsmddrolline
459 3531 601 3676 dec'edtis
633 3611 741 3656 sermo
769 3601 835 3673 est,
867 3531 1150 3660 nihdqsaceredrd

137 3689 281 3744 ausuum
302 3675 550 3765 explicandum,
572 3677 678 3742 cuivis
698 3685 799 3761 patet.
1116 3691 1120 3697 ’

215 3843 326 3912 verm
346 3847 408 3912 loe
433 3847 470 3909 in
501 3841 573 3912 cod.
596 3843 677 3932 Reg.
695 3844 734 3908 ls
756 3840 868 3928 πικρὸς
894 3850 1061 3931 reperitur
1086 3867 1147 3932 pro

138 3925 259 4013 losada.
301 3925 466 3994 Similiter
486 3926 571 3991 illud
590 3928 785 3992 vocabulum
806 3949 825 3992 e
845 3927 952 4015 glossa
972 3934 1148 4016 marginali

138 4017 228 4087 vocis
257 4008 379 4098 οἰκτρὸν
403 4015 442 4080 iu
468 4012 718 4101 perpetuitatem
737 4012 914 4078 verborum
944 4014 1073 4080 illatum
1101 4025 1150 4078 est
