2728 4690
240 480 381 561 positam
406 487 542 562 putans,
577 475 666 562 quod
684 479 774 543 item
802 477 929 540 factum
950 475 1025 540 uult
1053 473 1169 560 Suppli
1201 465 1259 540 Vs}

240 563 323 637 9653
355 560 412 624 sed
438 563 521 624 falso
548 569 722 646 utrumque
750 563 859 624 locum
880 561 1078 642 composuit,
1116 579 1193 622 nam
1224 561 1264 620 iu

242 648 317 712 hoc.
333 647 483 727 sequitur
509 647 671 726 particula
700 643 742 707 δι’.
808 645 858 707 Da
885 652 997 706 nostro
1023 661 1102 707 vero
1131 644 1205 705 loco
1231 645 1264 704 si

242 727 329 792 illud
348 737 492 790 statuero
518 730 637 808 velles,
665 730 781 794 verba:
819 725 895 808 μήθ’
924 724 1095 810 αἱματηρὰς
1122 724 1264 808 θηγάνας

244 819 321 877 cett.
343 813 478 875 omniuo
499 811 586 873 nihil
614 813 788 888 haberent,
821 809 910 893 quod
938 812 1018 892 ipsis
1040 811 1264 894 responderet.

139 927 142 938 ·
243 895 376 960 Rectius
388 895 559 977 ‘particula
578 893 652 976 μήτε
672 899 780 980 excipi
800 895 926 958 dicitur
953 912 972 953 a
1001 901 1154 976 sequente
1175 893 1263 975 μηδέ,

243 987 283 1042 ut
302 979 490 1060 saepissima
517 979 564 1040 fit
616 978 682 1041 Sed
702 981 756 1042 vel
775 981 824 1042 sic
845 981 955 1061 inepte
975 976 1128 1060 procedit
1147 978 1265 1040 verbo-
1347 1037 1348 1040 ,

244 1081 319 1124 rum
339 1070 514 1128 structura.
557 1061 644 1124 Nam
665 1073 761 1144 poeta
781 1067 955 1162 postquam
972 1059 1121 1122 dixerat=
1143 1057 1182 1122 σύ
1205 1058 1265 1124 ciis
1347 1061 1348 1064 ’

245 1141 369 1209 τόποισι
395 1144 471 1218 τοῖς.
488 1143 588 1225 ἐμοῖσι
614 1142 655 1225 μή
688 1143 795 1233 βάλῃς
813 1141 872 1227 μήτ
912 1141 1084 1228 αἱματηρὰς
1109 1140 1264 1226 θηγάνας,

245 1247 384 1315 pergere
420 1226 573 1292 debebat:
607 1227 676 1309 μηδ’
701 1228 790 1313 Ι(Αρη
825 1225 969 1308 ἐμφύλιον
976 1276 986 1304 ,
1029 1247 1116 1288 nuuc
1155 1237 1266 1290 autem
1347 1231 1348 1238 '

246 1331 347 1394 quum
367 1311 535 1390 subjiciat:
557 1310 626 1392 μηδ’
648 1313 679 1375 ἐν
691 1337 718 1374 τ.
734 1312 759 1374 a’.
780 1311 811 1375 οῖ,
828 1308 958 1397 ἱδρύσῃς
969 1311 1057 1396 ”Αρη
1073 1311 1111 1388 εἴ,
1134 1314 1182 1374 sic
1196 1331 1269 1374 rem

246 1414 338 1457 suam
359 1397 444 1479 ogit,
467 1398 559 1478 quasi
581 1405 675 1458 autea
694 1399 893 1479 scripsisset:
917 1393 953 1457 σύ
976 1393 1001 1456 (λ’
1022 1396 1054 1457 ἐν
1073 1420 1100 1456 τ,
1122 1419 1150 1456 τ.
1174 1395 1200 1456 ι’.
1222 1392 1265 1475 μη

246 1474 345 1562 βάλῃς
367 1479 429 1558 αλμ.
451 1476 602 1560 θηγάνας.
647 1481 712 1560 ¹Qui
729 1481 900 1562 scrupulus
915 1477 1079 1562 quomodo
1096 1498 1267 1542 removen—
1347 1535 1348 1538 ,

247 1560 307 1622 dus
329 1561 374 1624 sit
393 1565 504 1623 statim
525 1563 735 1648 significabo..
768 1564 877 1640 Versu
889 1563 951 1627 824
971 1582 1033 1644 pro
1048 1562 1158 1625 verbis
1179 1559 1268 1665 ἱδρύ-

249 1666 309 1728 opo
322 1641 411 1723 ’Ἄρη
433 1653 558 1709 vetares
581 1647 661 1708 libri
680 1647 854 1730 praebeat:
886 1647 964 1711 Rea.
987 1647 1028 1709 L.
1050 1642 1161 1728 ἱδράση
1183 1668 1266 1727 ααρη

247 1725 343 1808 (κάρη
370 1731 471 1790 etiam
491 1727 571 1794 Cod.
593 1728 682 1792 Med.
705 1729 852 1818 Wcig.),
883 1696 993 1811 ἱδρῖιυη
1023 1725 1102 1808 αόρη
1125 1712 1266 1812 Guelph.
1347 1749 1348 1772 ι

204 1890 206 1894 Ι
247 1819 282 1874 ct
300 1807 394 1889 ald,
425 1808 535 1895 λὸράση
568 1809 650 1896 βάρη
673 1813 772 1893 aab„
804 1815 889 1875 altar
916 1799 987 1876 ood'.
1008 1814 1151 1875 Floreat.
1180 1811 1268 1895 apud

122 1945 125 1950 .
246 1893 331 1958 Woi
354 1936 382 1972 .,
414 1914 483 1958 var.
512 1897 587 1960 lect.
615 1895 702 1979 apud
723 1897 933 1980 Stephanum.
997 1897 1060 1958 Illa
1081 1894 1267 1958 emendatio
1347 1891 1348 1932 l

250 1985 299 2038 est
319 1913 479 2058 Sgtephani
506 1987 539 2040 et
561 1977 710 2059 Canteri,
743 1981 1024 2042 araoentioribus
1044 1979 1196 2041 omuibus
1215 1999 1268 2041 ro-

250 2067 353 2141 oepta.
397 2057 461 2122 Sed
482 2059 615 2124 videtur
633 2071 730 2144 poeta
750 2065 909 2126 voluisse:
932 2062 1095 2148 ἱδρῦσαί
1112 2059 1138 2143 γ’
1154 2059 1267 2144 ”Αρη,

250 2159 333 2222 quaa
359 2146 525 2206 correctio
550 2145 708 2209 facillima
735 2149 893 2209 extricari
918 2156 1026 2228 potest
1053 2166 1072 2208 c
1103 2145 1269 2210 librorum

251 2225 457 2290 lectionibus.
500 2226 677 2290 Universos
698 2230 803 2328 igitur
822 2231 913 2292 locus
934 2233 982 2292 sic
1003 2227 1209 2292 scribendus:
1347 2209 1348 2244 ¹

370 2306 422 2380 52)
444 2307 471 2370 δ’
492 2311 523 2373 ἒν
542 2307 666 2374 τόποισι
685 2337 750 2386 τοις
771 2313 870 2393 ἐμοῖσι
890 2309 932 2393 μή
954 2310 1052 2398 βάλῃς

350 2390 453 2474 ιμήθ’
476 2392 646 2478 αι’ματηράς
666 2395 828 2478 θηγάνας,
854 2393 1028 2480 σπλάγχνων
1048 2390 1167 2478 βλάβας

262 2501 265 2508 ¹
374 2476 451 2540 νέαν
473 2475 612 2556 άοίνους,
635 2479 773 2560 ἐμμανεῖς
791 2477 985 2561 θυμιάμασιν·
1066 2495 1073 2507 ·

311 2628 314 2634 ,
373 2557 461 2644 μηδ’,
479 2559 608 2637 ἕξελυιῖσ’
628 2563 671 2637 οῖς
691 2564 822 2648 καρδίας
843 2561 1023 2648 ἀλεκτόρων,

377 2645 409 2705 ἐν
428 2645 492 2719 τοῖς
514 2646 598 2726 ἐμοῖς
617 2643 756 2710 ἀστοῖσιν
774 2647 908 2730 λδρῦσαλ
919 2645 967 2729 γ’,Ι
979 2647 1067 2730 ”Aoo

376 2717 520 2809 ἐμφύλιόν
540 2752 571 2792 τε
589 2733 645 2792 soi
664 2727 745 2815 πρός
766 2728 911 2806 ἀλλήλους
930 2728 1063 2812 θρασύν,
1147 2776 1149 2779 -

251 2811 325 2874 Jaur
345 2821 436 2874 recte
455 2831 490 2875 sa
508 2816 680 2895 excipiunt
699 2815 813 2878 verba:
848 2811 884 2876 σύ
905 2811 930 2875 δ’
951 2815 982 2876 ἐν
998 2837 1025 2876 τ.
1048 2838 1076 2874 τ.
1099 2813 1124 2875 ι’.
1148 2807 1190 2892 μη
1212 2810 1276 2894 βά-

252 2901 308 2979 λῃς
336 2891 411 2974 μήθ’
433 2893 605 2978 αἱματηραῖς
633 2895 792 2980 θηγάνας,
823 2895 891 2978 μηδ’
912 2895 1000 2981 ’Ἄρη
1024 2893 1168 2979 ἐμφύλιον
1175 2943 1185 2970 ,
1220 2917 1276 2958 ce-

251 2987 333 3040 tera.
378 2978 459 3040 »Tu
477 2999 576 3044 vero
597 2983 818 3044 interram
839 3001 964 3045 meam
983 2999 1031 3043 ue
1058 2981 1190 3059 jacias
1211 3001 1277 3042 ne-

253 3078 330 3142 que
358 3072 554 3139 cruentas
588 3073 701 3128 cotes
729 3073 832 3144 cett5
862 3071 994 3148 neque
1024 3082 1148 3142 vero,
1187 3066 1278 3124 exi-

252 3163 362 3206 mens
393 3155 585 3229 tauquam
614 3167 632 3210 o
660 3147 784 3211 corde
810 3149 1041 3236 gallorum,
1073 3156 1118 3208 ut
1147 3147 1192 3206 in
1221 3147 1279 3206 oi-

251 3227 365 3292 vium
385 3249 568 3291 meorum
591 3241 764 3314 pectore
785 3233 988 3310 colloces,
1009 3229 1187 3292 Martem
1208 3227 1280 3290 do-
1347 3247 1348 3300 ι

251 3313 469 3376 προστάσσω
496 3323 536 3376 et
568 3317 637 3398 qui
663 3317 708 3376 in
737 3324 866 3379 semet
893 3316 982 3398 ipsc
1013 3315 1207 3377 saeviat«
1232 3345 1280 3360 ·-

252 3393 304 3457 De
331 3397 421 3480 gallo
451 3395 622 3461 domestici
650 3399 730 3461 belli
757 3400 904 3481 symbolo
931 3406 1063 3482 praeter
1090 3393 1185 3457 Pind.
1222 3394 1280 3459 Ol.

252 3472 333 3555 XII,
365 3477 421 3542 Va.
446 3483 485 3545 13
506 3501 593 3564 sqq„
626 3485 683 3564 qui
704 3484 796 3545 locus
816 3483 857 3545 ab
879 3483 954 3544 aliis
975 3477 1124 3541 laudatus
1145 3489 1212 3558 est,
1246 3489 1285 3542 et

254 3579 393 3642 eaquae
415 3566 515 3626 citata
534 3574 610 3627 sunt
629 3586 648 3626 a
669 3565 814 3646 Stanlajo
835 3569 895 3629 cfr.
916 3562 1083 3646 Aristoph.
1105 3561 1195 3627 Nub.
1216 3563 1283 3627 Vs.

254 3647 336 3710 1627
356 3665 403 3728 aq.
426 3656 460 3710 et
479 3647 616 3710 Lucian.
642 3648 727 3712 Gall.
750 3648 786 3716 Ο.
809 3652 839 3713 4.

336 3727 444 3792 Versu
463 3731 526 3812 826
554 3733 750 3814 interpretes
771 3734 887 3798 verba:
920 3729 954 3796 οὐ
981 3727 1068 3812 μόλις
1087 3725 1198 3815 παρόν
1221 3751 1287 3794 ex·
1347 3789 1348 3806 ,

244 3813 411 3895 'plicantes
432 3814 468 3874 io
489 3812 726 3880 diversissimas
746 3818 899 3880 abierunt
919 3817 1106 3878 sententias.
1150 3815 1287 3879 Pauus:
1347 3823 1348 3826 ’

254 3917 353 3960 »non
384 3915 582 3984 praeseus
612 3901 701 3962 vix:
733 3901 853 3963 bellum
885 3919 953 3962 non
980 3900 1077 3978 longe
1104 3917 1125 3958 a
1153 3899 1288 3961 finibus

254 3978 475 4060 commendat,
502 4002 544 4045 na
572 3983 661 4047 cives
687 4003 707 4045 a
734 3985 801 4048 suis
830 3984 938 4060 absint
967 3984 1079 4068 longer¹
1110 3981 1291 4066 interpres
