2794 4692
1068 351 1168 427 XCV

136 527 312 625 populum
337 547 464 599 arcere
476 577 488 619 ‚
516 538 578 618 ut,
605 547 717 619 quum
743 524 885 624 integra
910 523 957 597 sit
979 525 1084 600 ouria
1101 522 1168 618 ⁹⁵),

136 625 325 701 silentium
350 626 414 700 fiat
438 642 474 700 et
495 651 562 701 sua
582 624 746 700 instituta
767 625 1030 722 consiliumque
1054 625 1168 702 edisci
1252 655 1253 667 ¹

137 727 286 826 possint.
343 727 437 800 'I‘nde
463 727 584 803 audito
609 751 697 802 sono
723 725 830 802 tubae
853 727 1099 826 Tyrrhenioae
1115 726 1168 820 96)

238 1001 461 1072 Ασσσρσςίῑίσσσ
484 1017 607 1072 praeeo,
643 1015 708 1054 num
728 999 845 1066 eodem,
881 1015 939 1068 quo
962 1000 1017 1054 ille
1044 1001 1166 1069 solebat,
1202 998 1204 1001 ’

237 1069 339 1125 habitu
358 1072 464 1136 fuerit,
483 1085 583 1125 rursus
601 1069 727 1126 dubitari
745 1079 848 1140 potest.
883 1072 929 1124 De
947 1071 1015 1124 tuba
1032 1071 1058 1123 Τ
1081 1073 1164 1126 rrhe-

238 1141 319 1205 niet,
342 1151 423 1208 qoam
441 1142 585 1208 gestabat,
611 1141 676 1194 vide
694 1155 766 1206 quae
781 1141 938 1208 disputavit
955 1087 1165 1194 Muellerus

239 1209 269 1263 in
288 1208 366 1262 libro
386 1210 422 1263 de
437 1210 587 1276 Etruscis,
624 1209 656 1262 T.
674 1209 723 1276 ll,
759 1227 787 1278 p.
805 1212 857 1265 tos
875 1225 956 1278 Βίης
998 1210 1053 1268 cfr.
1079 1210 1164 1267 etiam

237 1279 395 1332 Lobeclr.
419 1280 512 1334 adnot.
531 1281 565 1333 ad
583 1280 662 1346 Ajao.
682 1277 734 1334 Va.
752 1278 795 1332 17.
1048 1306 1062 1316 12

157 1371 203 1436 95)
240 1369 300 1426 ctr.
316 1371 366 1427 Vs.
378 1372 438 1429 646.
454 1367 661 1438 Βσσλσυσήρίον,
679 1370 829 1436 curiam,
848 1368 982 1440 intellige
1001 1381 1164 1440 senatum,
1233 1419 1238 1428 .

237 1457 294 1496 non
317 1441 412 1495 aedem
438 1442 482 1494 vel
508 1441 619 1504 locum,
655 1457 711 1506 qno
735 1439 885 1503 convenit,
922 1452 953 1494 ut
980 1442 1061 1494 etiarn
1091 1441 1165 1497 infra

236 1509 290 1566 Vs.
308 1511 360 1565 654
378 1523 407 1566 et
424 1513 482 1566 675.
526 1503 572 1564 De
591 1525 643 1562 usu
662 1508 741 1562 verbi
761 1505 933 1576 πληροῦσθαι
952 1509 1021 1578 css,
1048 1509 1075 1564 si
1094 1513 1164 1566 tanti

236 1586 295 1646 est,
318 1579 419 1651 Eurip.
430 1579 564 1634 Androm.
575 1578 628 1634 νε.
639 1579 724 1644 1074,
750 1577 844 1648 lphig.
863 1578 893 1632 in
911 1577 1015 1634 Tauris
1033 1579 1084 1637 Vs.
1095 1582 1163 1647 2963

235 1649 293 1703 vid.
314 1649 398 1704 etiam
417 1649 511 1702 Orest.
532 1648 583 1704 Vs.
601 1647 662 1706 sta
679 1647 780 1710 lllatth.
842 1706 845 1714 Δ

157 1739 205 1806 96)
239 1740 399 1796 Universos
416 1741 497 1795 locus
508 1777 530 1807 ,,
553 1739 603 1808 qui
618 1739 736 1808 legitur
758 1738 825 1793 inde
848 1755 864 1791 a
885 1738 934 1796 Vs.
951 1742 1004 1795 636
1021 1755 1110 1809 usque
1127 1742 1164 1796 ad

237 1809 288 1866 Vs.
306 1811 395 1876 5⁴⁴2'
413 1811 489 1868 unde
511 1810 584 1868 hoec
606 1824 763 1879 expressa,
799 1809 921 1863 manime
944 1809 1095 1868 intricatus
1119 1825 1163 1868 est
1191 1845 1196 1852 -

233 1879 767 2010 ltrrlttqhllltlltt‘tnt‘tl
784 1879 926 2002 stltll
944 1881 1163 2020 titthltltt

227 1993 230 2000 ’
349 1988 356 2004 ·
707 1984 713 1997 ’
762 2011 766 2020 -
895 1986 923 2030 ·’.

232 2020 576 2149 ltttsnlttt’tttl}
612 2016 1162 2167 :ltililuztlttllztl‘tltr

231 2158 393 2225 nuatbusg
416 2157 467 2218 des
484 2157 644 2212 Blutbanns
669 2173 698 2210 tn
717 2157 811 2210 Athen
830 2172 895 2209 erne
913 2156 1161 2216 Volksversamm-

232 2227 304 2293 long
323 2226 383 2293 (die
399 2224 459 2280 λαοὶ
477 2226 548 2280 oder
563 2222 625 2291 λεῴ)
642 2225 691 2278 als
704 2223 900 2293 gegenwiirtig
917 2227 1058 2294 gedaoht,
1089 2229 1161 2283 wel-

230 2297 305 2360 cher,
325 2294 372 2352 die
400 2295 502 2351 thtin
527 2295 662 2350 wibrend
688 2295 741 2347 der
763 2293 970 2364 Ratbsritzung
997 2297 1084 2352 durch
1111 2297 1161 2352 die

231 2363 349 2428 Stimme
383 2365 436 2418 des
465 2365 592 2428 Herolds
627 2364 682 2419 und
714 2363 952 2432 Trompetentt'ina
975 2365 1161 2434 :Schweigen

231 2435 339 2500 gebeut
364 2437 448 2501 (636).
479 2468 483 2478 =
502 2433 617 2490 Gewiss
638 2431 709 2486 liess
726 2433 887 2501 Aeschylos
904 2433 988 2488 dabei
1006 2434 1161 2490 wirlrliche

232 2504 501 2575 Trompetenstbsse
531 2504 620 2558 durch
652 2502 703 2556 dae
728 2502 853 2557 Theater
883 2505 1066 2570 erscballen,
1102 2504 1161 2558 und
1221 2515 1224 2522 ’

186 2620 188 2628 .
230 2589 293 2627 man
311 2575 414 2641 hbrte,
436 2573 493 2627 wie
511 2583 609 2635 sonet,
636 2572 690 2624 den
708 2571 768 2624 Rus
784 2573 834 2626 des
852 2573 996 2628 Heroide:
1032 2567 1161 2628 'Amissa

229 2638 289 2710 ispi.
349 2642 409 2700 Die
434 2641 738 2708 Volksveraemrnlung
770 2642 839 2694 abor
866 2642 973 2696 konnte
995 2642 1160 2710 unmbglich

233 2713 323 2766 duroh
351 2712 639 2776 lllenschenhaulen,
675 2709 786 2765 welche
811 2710 875 2764 sich
899 2712 950 2764 aul
979 2711 1032 2765 der
1057 2711 1160 2766 Biihne

230 2781 301 2836 oder
320 2781 420 2835 indes
438 2781 596 2836 Orchestra
620 2780 708 2833 sehon
734 2777 859 2846 liessen,
896 2781 1067 2848 dargestettt
1084 2797 1160 2837 wer·

228 2851 306 2914 tlon,
340 2851 465 2906 sondern
496 2850 543 2906 die
573 2850 611 2904 im
638 2849 764 2904 Theater
790 2852 1003 2907 versatamelten
1029 2852 1159 2905 Atheneo

229 2921 322 2974 selbst
348 2917 413 2974 sind
445 2920 495 2974 das
523 2917 736 2988 gegenwtirtige
768 2919 823 2972 und
855 2919 1027 2987 angeredete
1052 2919 1158 2977 Velle«

226 2990 266 3044 At
283 2988 421 3060 primum,
455 2997 488 3042 ut
510 2987 612 3070 populi
636 2988 721 3042 turba
743 2989 847 3042 adesse
864 2987 1007 3055 fingatur,
1039 3005 1104 3043 num
1122 2990 1158 3042 de

226 3073 279 3114 usn
295 3058 358 3114 aevi
371 3057 521 3112 Homericr
538 3058 717 3126 cogitandum
736 3055 793 3123 sit,
810 3074 866 3112 non
885 3068 938 3111 tam
957 3057 1096 3114 incertum
1113 3067 1159 3113 est

226 3143 308 3194 quam
328 3126 539 3198 improbabile,
567 3127 593 3181 si
612 3124 772 3181 verisimile
791 3126 847 3196 sit,
880 3127 956 3192 quod
974 3131 1158 3196 Augustus

225 3197 412 3252 Matthiae
439 3195 644 3250 dissertatione
669 3193 767 3266 priore
795 3197 831 3252 de
855 3194 974 3262 iudiciis
1000 3195 1157 3250 Athenien-

226 3266 320 3332 sium,
347 3265 510 3320 Miscellan.
527 3264 669 3336 philolog.
689 3265 799 3331 vott,
821 3283 847 3334 p.
860 3268 924 3332 167,
951 3265 1057 3331 sumit,
1082 3264 1156 3319 luis-

170 3393 174 3399 .
227 3351 260 3392 se
282 3335 347 3407 ipsa
368 3335 481 3402 judicia
497 3334 657 3403 Areopagi,
679 3335 771 3399 palam
790 3334 887 3388 habita
905 3344 935 3389 et
951 3351 1056 3390 corona
1073 3335 1159 3388 audi-

224 3405 333 3460 entium
348 3403 464 3460 cincta«
475 3435 508 3444 -
532 3403 647 3458 Deinde
665 3403 887 3468 llerraennus
905 3404 971 3470 loco
982 3402 1082 3458 itidem
1099 3407 1156 3471 J'am

224 3475 273 3529 cit.
294 3472 413 3541 objicit:
439 3473 599 3546 paeonem
624 3471 698 3528 wird
725 3471 884 3540 allerdings
910 3474 975 3528 aine
994 3472 1156 3529 Vollrsver·

223 3544 402 3612 sammlung,
436 3543 509 3598 aber
526 3541 666 3598 wirlrlich
684 3541 829 3612 drauseyn
853 3543 974 3598 braneht
994 3543 1040 3598 sie
1057 3543 1155 3598 nicht:

223 3614 297 3667 eben
321 3629 353 3667 so
371 3611 488 3682 naenig,
523 3612 566 3666 ala
590 3611 620 3665 in
643 3611 695 3664 der
713 3609 866 3682 Iphigenia
890 3611 921 3667 ia
939 3611 1045 3667 Tauris
1063 3612 1156 3666 Leute

222 3682 263 3736 im
280 3680 374 3768 Wepe
393 3683 492 3738 stehen
512 3683 643 3747 missen,
661 3679 730 3760 weil
750 3678 901 3748 iphigenia
917 3681 967 3737 Vs.
989 3683 1059 3737 tttt
1075 3691 1155 3750 sagt:

223 3748 364 3804 aianodom
381 3747 411 3806 δ’
427 3747 503 3804 aridei
518 3748 641 3806 notam
657 3744 735 3802 sood'
752 3749 821 3812 stro
839 3746 1018 3818 aetiopes-:ota
1057 3749 1153 3815 Immo,

221 3822 279 3875 hoo
295 3820 479 3876 Eumenidum
503 3821 569 3874 loco
588 3819 624 3874 de
642 3819 754 3891 populo
772 3817 878 3874 ta'ntnm
897 3821 1079 3890 praedicatur
1096 3818 1154 3872 ali-

222 3891 312 3956 quid,
353 3891 409 3946 illo
441 3900 556 3954 autem,
590 3903 674 3958 quem
709 3889 739 3944 in
770 3890 1009 3958 comparationem
1041 3888 1154 3965 vocavit

123 3991 127 4000 ·
222 3960 468 4027 ller'mannua,
505 3957 582 4014 cives
605 3959 677 4012 adeo
704 3960 927 4029 compellentur:
964 3953 1155 4023 sl'usieaoin

220 4024 345 4096 stoiwpo't
366 4031 458 4098 κσῗρσσ
477 4023 584 4098 iratist
606 4028 702 4093 sistit,
735 4022 755 4092 ἢ
781 4024 869 4096 reipsa
893 4031 990 4092 σσσίκσι
1016 4023 1154 4096 σσνᾶψων,

220 4092 240 4166 ἢ
256 4095 345 4154 sisois
360 4096 524 4170 βσρόνστσι,
550 4093 696 4169 φεύγετ’,
719 4092 930 4164 ἐξίστασθε,
955 4092 995 4166 μή
1010 4115 1049 4165 σῳ
1065 4111 1153 4167 προσ-
