2796 4694
245 303 427 394 CXXVHI

238 494 331 584 huo,
357 497 477 566 terrae
497 491 640 567 Atticae
665 487 845 589 primitias
871 508 1041 592 tanquam
1063 496 1168 575 saona
1192 501 1266 598 pref

238 595 441 670 liberorum
467 593 648 667 creatione
673 599 715 666 et'
734 596 969 676 matrimonio
1003 597 1138 674 oblatas
1165 603 1264 679 aeci-⁸

237 698 372 794 pientes
398 694 437 766 in
461 694 721 789 sempiternum
743 691 904 793 tempus,
931 697 1020 773 haee
1044 698 1156 797 ipsius
1178 727 1259 777 veis

237 798 285 872 ba
310 797 513 869 laudaturos
539 819 626 868 esse.
1127 801 1130 808 '
1255 826 1263 865 i

240 929 244 936 ·
279 926 282 939 ·
337 889 468 969 Furiae
498 896 673 970 immotae
708 897 823 970 adhue
856 901 995 971 novum'
1016 908 1176 974 'carmen
1200 912 1261 976 orJ

237 999 393 1072 «liuntur.
447 997 698 1096 Indignamur,
716 1023 762 1070 se
787 1009 926 1071 veteres
953 999 1037 1074 talia
1062 1000 1136 1098 pati
1146 1017 1196 1076 ·et
1208 1003 1262 1076 in·

235 1097 337 1186 terra
365 1097 528 1172 habitare
550 1097 798 1192 inhonoratam
843 1095 941 1172 iram
967 1115 1071 1196 atque
1095 1101 1264 1177 dolorem·

236 1223 344 1278 suum
371 1199 593 1300 significant3
627 1200 788 1298 vNoctem
814 1211 970 1272 matrem
996 1201 1185 1295 invocant,
1209 1214 1258 1277 ut'

237 1301 370 1382 audiat·
388 1297 616 1374 iracundiam
652 1299 836 1394 ipsarum,
881 1322 920 1372 se
952 1301 1050 1374 enim
1085 1304 1258 1404 grandae-

234 1429 299 1480 vas
334 1403 484 1482 deorum
509 1399 696 1474 fraudibus
730 1416 897 1496 superato
930 1401 1152 1480 difficillimis
1177 1406 1257 1480 fun-

235 1505 328 1580 ditus
353 1501 550 1577 honoribus
576 1499 734 1598 privatas
760 1526 847 1576 esse.
894 1519 896 1522 ·
1090 1510 1094 1538 ¹
1145 1506 1150 1545 ³

335 1607 500 1680 Minerva
536 1603 741 1699 profitetur,
789 1627 827 1676 se
863 1601 961 1680 inam
1000 1605 1146 1680 illarum
1184 1593 1260 1682 unzi

234 1712 471 1806 toleraturum
498 1730 593 1795 esse,
630 1707 800 1798 quoniam
826 1704 984 1780 seniores
1007 1706 1095 1799 sint,
1127 1721 1260 1804 quum-¹

235 1837 302 1906 que
342 1805 529 1896 concedat,
576 1803 620 1878 ob
658 1803 751 1877 hano
786 1803 903 1900 ipsam
938 1807 1102 1882 caussam
1140 1811 1256 1884 multo

232 1913 311 2011 ipsa
335 1906 565 2008 sapientiores
591 1927 688 1995 esse,
722 1921 759 1978 at
784 1905 854 1978 sibi
878 1931 1014 2004 quoque
1038 1931 1059 1983 a
1083 1911 1172 1984 Jove
1198 1907 1257 1985 tla-

233 2029 314 2088 tum
341 2033 417 2084 esse
442 2022 583 2104 monet,
622 2019 661 2079 ut
685 2031 757 2078 non
781 2031 890 2101 parce
914 2008 1044 2104 sapiat
1071 2013 1074 2019 ’
1097 2011 1168 2086 Eas
1195 2037 1258 2086 auu

232 2129 330 2204 tem,
361 2110 393 2186 si
416 2109 455 2182 in
479 2107 633 2182 alienam
658 2119 799 2179 terram
824 2107 1012 2200 abierint,·
1027 2109 1169 2186 Atticae
1198 2111 1257 2185 tle*

232 2210 365 2292 siderio
393 2225 537 2308 captum
563 2207 631 2298 iri,
658 2205 795 2281 civitati
822 2208 920 2282 enim
939 2209 1257 2288 *Atheniensi'ma

230 2319 350 2414 jerem
376 2313 552 2387 honorem
576 2307 721 2382 instare.
757 2309 874 2406 Atque
899 2309 1062 2407 ipsarum
1087 2313 1208 2387 sedem
1233 2345 1255 2389 a

231 2410 323 2496 v'iris
349 2432 384 2490 et
411 2411 558 2488 feminis
579 2433 727 2506 pompas
754 2409 963 2486 ducentibus
995 2427 1092 2486 tanto
1117 2413 1256 2490 honoro

231 2521 416 2597 imbutum
444 2516 514 2606 iri,
559 2527 730 2607 quantum
763 2511 806 2584 ab
841 2513 921 2586 aliis
953 2513 1166 2588 mortalibus
1191 2517 1256 2590 vix

228 2646 387 2718 unquam
423 2615 633 2716 praestitum
659 2612 872 2708 acceperint.
922 2611 1019 2688 Hine
1046 2631 1170 2716 rogat,
1205 2625 1256 2690 ne

227 2723 267 2797 in
282 2722 404 2796 Attica
429 2721 486 2792 vel
512 2717 607 2790 inter
631 2715 790 2809 privatos
814 2715 1025 2814 sanguineas
1052 2717 1168 2810 rixas,
1193 2720 1254 2792 vel

228 2825 411 2901 bellorum
436 2816 602 2894 civilium
627 2815 766 2888 semina
791 2814 947 2888 excitent
964 2815 1050 2910 ¹²⁶),
1080 2818 1166 2890 dum
1192 2813 1252 2892 er-

231 2943 377 3002 ternum
411 2923 547 2996 bellum
583 2915 726 3006 suadet,
773 2913 811 2987 in
848 2939 916 3011 quo
952 2916 1076 3017 ingens
1113 2921 1253 3018 gloriae

230 3054 337 3104 amor
374 3022 586 3120 conspicuus
621 3016 764 3090 futurus
799 3014 862 3106 sit,
913 3017 1073 3094 internas
1112 3019 1252 3096 civium

229 3131 327 3205 rixas
354 3151 392 3202 se
417 3119 731 3218 abominariprae
756 3141 794 3190 se
820 3117 950 3194 ferens.
1075 3199 1078 3206 ι

328 3229 378 3304 At
408 3224 604 3300 Furiarum
642 3219 784 3292 animus
821 3217 921 3292 idem
956 3237 1088 3322 manet.
1114 3219 1252 3322 ¹Repo-

227 3350 306 3410 tunt
331 3355 481 3405 carmen
505 3347 614 3420 supra
639 3333 832 3394 cantatum.

231 3522 236 3532 ,
330 3431 495 3518 Minerva
528 3449 566 3502 se
601 3447 673 3496 non
703 3435 926 3498 cessaturam
958 3446 1034 3499 esse
1066 3425 1137 3522 ait,¹
1177 3428 1252 3505 illis

231 3587 535 3610 ῌῃ-ῳμ-σ--η
581 3595 583 3603 t

226 3665 287 3732 las)
329 3663 408 3718 lianc
434 3655 622 3712 universatem
645 3653 809 3709 sententiam
835 3657 1080 3724 interserente,
1107 3671 1180 3728 quae
1205 3661 1250 3716 le·

328 3745 431 3802 guntur
456 3727 520 3780 inde
542 3724 708 3806 ³V⁸·.8²⁰’
733 3728 788 3792 jam
812 3723 1028 3782 Schuetzi'us'
1052 3727 1144 3785 vidia·
1174 3732 1251 3786 Quia·

326 3805 389 3861 drot
406 3797 497 3855 eutem
515 3796 584 3848 haee
604 3793 748 3850 Minervae
765 3795 934 3862 admonitio,
964 3807 995 3851 ut
1013 3809 1059 3864 ea,
1084 3809 1156 3866 quae
1174 3800 1252 3858 iussa

327 3867 393 3925 inde
411 3887 427 3922 a
445 3866 495 3920 Vs.
513 3865 564 3918 933
587 3860 738 3917 secundum
764 3863 842 3918 illam
861 3879 877 3918 a
893 3865 988 3920 Furiis
1009 3857 1085 3937 'ipsis
1110 3867 1252 3926 similiter

280 3937 299 4010 f
326 3941 402 3993 dieta
432 3931 633 4005 reperiuntur,
674 3933 718 3996 ad,
743 3932 880 3988 internum
913 3931 1038 3988 civitatis
1063 3935 1252 3996 Atheniensis

270 4023 274 4028 ·
313 4020 443 4070 simum,
477 4000 1026 4081 qualisciroe·ealpsa'tempomsuit‚
1056 4007 1252 4076 quiboshueo

325 4086 386 4132 acto
404 4075 500 4130 tabula
519 4084 570 4126 est.
607 4070 665 4123 Clr.
686 4071 851 4131 Mueller.
870 4074 905 4129 ad
922 4074 1038 4131 Eumen.
1057 4089 1085 4147 p.
1106 4074 1155 4130 117
1172 4092 1216 4144 sq.
