2728 4690
1000 437 1002 448 ‚
1046 351 1126 434 att

95 538 265 626 intelligas
294 555 368 600 eum
387 534 567 599 Klausenio
595 543 629 599 et
649 533 834 616 Muellero‚
874 527 989 596 eodem
1016 527 1125 612 perla-

94 631 163 697 tas3
192 643 266 684 nam
288 621 400 683 omnia
420 620 580 700 ejusmodi
601 629 694 682 extra
716 640 845 682 scenam
867 619 903 678 in
924 631 1045 698 pompa
1066 609 1126 672 du-

94 706 199 770 cenda
220 714 296 767 sunt
316 725 336 766 e
357 714 466 768 mente
485 713 613 788 poetae.
658 701 765 764 Simul
783 699 865 766 'vero
889 707 997 784 patet,
1019 709 1126 776 neque

94 792 191 852 ilium
213 787 415 852 audiendum
434 808 520 866 esse,
554 791 612 870 qui
642 807 683 849 ex
709 806 765 864 eo,
797 785 885 870 quod
906 781 1125 866 Areopagitae

92 894 261 957 purpurea
275 874 476 936 aestimata
505 872 642 934 induere
671 871 861 952 jubeantur,
890 871 920 930 si
947 866 1028 927 haec
1048 881 1124 926 ver-

92 979 148 1020 sus
170 960 233 1023 982
262 954 504 1037 interpretandi
532 959 619 1017 ratio
646 957 760 1018 varior
787 953 970 1029 habeatur,
994 954 1125 1010 senten·

91 1045 161 1104 tiae
183 1061 201 1102 a
223 1039 406 1101 Fritaschio
426 1040 593 1122 prolatae,
617 1060 635 1102 e
657 1059 720 1121 qua
741 1047 809 1100 tres
830 1033 989 1120 postremi
1010 1049 1123 1094 versus

93 1127 258 1188 orationis
279 1143 298 1184 a
319 1123 473 1185 Minerva
495 1123 626 1192 habitae
646 1127 795 1186 futurum
816 1131 943 1202 tempus
966 1121 1122 1199 spectent,

92 1210 239 1290 aliquam
282 1205 586 1271 verisimilitudinis
634 1209 775 1290 speciem
815 1203 997 1267 conciliare
1029 1197 1122 1261 velit.

91 1293 224 1354 Etenim
244 1299 283 1354 ut
302 1288 388 1352 iliud
403 1297 493 1352 recte
510 1291 579 1369 fiat,
600 1293 679 1358 satis
701 1291 765 1369 jam
786 1287 998 1374 perspicitur,
1022 1281 1123 1342 etiam

91 1377 123 1438 ai
148 1374 189 1438 de
232 1375 374 1436 raeseuti
395 1381 544 1456 tempore
566 1394 604 1437 co
628 1377 741 1449 itetur,
761 1393 823 1435 nec
843 1382 971 1452 tempus
992 1383 1053 1427 nac
1074 1363 1124 1424 io-

93 1478 173 1603 cuup
204 1396 316 1621 deppae
341 1457 553 1543 Areopagitis
587 1397 630 1520 ad
656 1460 813 1522 vestitum
845 1448 1017 1518 commode
1051 1466 1124 1513 mu-

91 1554 151 1606 tan
173 1563 229 1604 um
282 1575 352 1605 .-·
1108 1557 1111 1564 ⁴

177 1624 244 1688 Sed
264 1627 431 1689 mittamus
460 1625 526 1705 jam
547 1622 628 1686 haec
648 1623 775 1688 leviora
797 1624 942 1699 scilicet,
970 1637 1053 1702 quae
1073 1625 1124 1677 ta·

93 1731 191 1786 men,
226 1713 350 1792 partim
376 1711 455 1792 quia
485 1708 539 1773 vel
568 1711 617 1769 sic
644 1705 686 1768 ad
717 1728 787 1770 rem
815 1708 958 1782 faciunt,
998 1701 1123 1786 partim

93 1797 172 1878 quia
192 1795 276 1856 viris
297 1791 499 1854 doctissimis
519 1790 630 1853 fraudi
654 1795 792 1854 *fuerunt
812 1809 872 1851 nec
893 1787 1060 1872 probabili
1081 1782 1123 1844 ab

91 1881 137 1940 iis
168 1879 299 1939 ratione
329 1875 511 1958 disceptata
538 1885 630 1952 sunt,
663 1895 729 1937 non
759 1875 893 1936 omnino
925 1863 1123 1958 negligenda

92 1970 188 2025 erant
204 1965 222 2040 ,'
287 1970 454 2043 postremo
496 1958 572 2019 loco
618 1957 877 2040 disputationem
900 1953 961 2032 ide
1003 1955 1121 2014 lacuna

90 2065 192 2128 supra
213 2045 397 2131 significata
417 2044 650 2120 retractaturi,
673 2043 737 2105 hoc
759 2040 892 2126 quidem
912 2039 1121 2126 potissimum

126 2285 158 2354 *³
194 2282 716 2410 fsttttttttttituttttittt
733 2282 1042 2422 iiiiiffliii⁵
1058 2292 1120 2400 tt.

1016 2385 1025 2414 i

193 2437 307 2486 neruus,
329 2421 370 2485 si,
397 2431 428 2474 ιιι
445 2419 623 2476 Fritzschius
640 2433 736 2476 censet
754 2421 774 2477 l.
792 2422 813 2475 l.
840 2437 868 2500 p.
887 2420 952 2484 125,
978 2430 1070 2482 neque
1089 2412 1120 2467 id

193 2488 399 2554 dissentiente,
431 2499 464 2542 ut
494 2490 628 2560 superius
660 2509 689 2560 p.
707 2491 757 2544 199
791 2489 927 2551 vidimus,
962 2483 1120 2546 Muelieta,

193 2557 319 2626 ineptum
337 2555 385 2620 sit,
405 2555 473 2610 illas
488 2557 695 2612 Eumenidibus
713 2556 787 2628 ipsis
806 2556 961 2610 destinatas
979 2551 1120 2618 cogitare,

193 2623 352 2680 uuiversum
370 2625 538 2696 placitorum
556 2637 716 2684 nostrorum
735 2627 871 2680 rationem
889 2639 942 2678 nos
957 2621 1070 2690 quidem
1083 2634 1119 2672 eo

192 2694 366 2765 perducere,
394 2705 426 2748 ιιι
450 2696 523 2750 hanc
546 2696 771 2766 explicationem
796 2695 910 2749 omnino
935 2689 1120 2759 rejiciendam

193 2779 258 2818 esse
276 2777 447 2816 censeamus.
491 2765 605 2818 Etenim
627 2776 770 2837 postrema
787 2763 933 2819 Minervae
950 2759 1040 2816 rerba
1062 2771 1120 2811 nou

193 2832 336 2886 credimus
355 2831 444 2900 magis
461 2833 497 2886 ad
515 2833 637 2888 futurum
656 2845 764 2905 tempus
782 2844 926 2904 spectare,
946 2843 1027 2898 quam
1045 2823 1124 2908 reli-v

193 2901 374 2969 quaomnia,
403 2902 438 2954 de
456 2902 557 2957 statuis
575 2914 666 2958 autem
685 2904 714 2958 in
734 2906 786 2956 hac
807 2915 904 2957 nostra
922 2913 1020 2953 caussa
1035 2911 1118 2962 cogr-

193 2983 257 3025 tare
278 2971 399 3024 nondum
425 2967 511 3036 licet,
539 2987 608 3040 ergo
630 2975 694 3028 sola
715 2971 807 3027 altera
824 2987 913 3038 eaque
932 2969 1047 3035 vulgata
1073 2963 1117 3018 iu·

194 3037 369 3109 terpretandi
400 3040 475 3094 ratio
504 3051 646 3112 superest.
705 3043 754 3097 Ex
778 3042 831 3095 hac
858 3055 927 3092 vero
954 3047 1117 3109 purpureae

194 3118 290 3163 vestes
323 3124 378 3162 non
402 3108 536 3188 'judicum
572 3109 617 3166 rei
645 3110 782 3232 capitalia
808 3107 1016 3176 intelligendae
1042 3111 1116 3185 sapt,

192 3193 254 3233 nam
273 3175 342 3240 hos,
361 3193 468 3256 quippe
485 3179 521 3232 ad
539 3195 609 3246 quos
628 3197 678 3234 ver
698 3198 714 3234 a
732 3173 950 3250 φοινικοβάπτοις
968 3206 1000 3218 -
1017 3190 1117 3241 τιμοτσ

192 3246 372 3312 dirigantur,
391 3244 453 3298 illrs
471 3248 591 3300 nondum
611 3248 724 3304 indotos
742 3265 805 3303 esse
824 3257 918 3320 patet,
938 3244 988 3300 sed
1007 3241 1115 3296 sacnti·

192 3329 288 3370 aarum
305 3311 483 3383 (ἱεροποιῶν),
510 3333 565 3384 quo
590 3317 703 3372 nomine
727 3326 783 3372 tum
806 3331 925 3389 pompae
949 3315 1114 3378 intererunt,

193 3395 350 3440 tutu-sacra
372 3383 401 3437 in
428 3384 484 3438 {ine
503 3385 586 3452 hujus
608 3386 736 3442 facienda
759 3387 904 3442 curabant.
947 3383 1114 3444 Atracem,
1171 3441 1174 3452 ,

191 3470 228 3509 ne
246 3452 282 3506 de
299 3452 368 3516 itto,
392 3453 467 3520 quod
485 3467 579 3510 vestes
599 3471 682 3510 versu
699 3457 751 3511 982
767 3464 932 3510 memoratas
948 3447 1114 3506 Eumenidi-

191 3525 246 3577 bus
264 3521 337 3592 ipsis
348 3523 409 3600 'iem
429 3522 624 3592 praesentibus
643 3524 733 3580 tribui
750 3542 835 3596 posse
852 3523 971 3594 negarit,
997 3520 1049 3578 stit
1068 3530 1115 3573 se-

192 3605 244 3647 cus
270 3591 439 3654 existiment.
480 3591 538 3646 Cir.
566 3593 651 3648 etiam
674 3593 749 3648 infra
766 3613 793 3664 p.
811 3596 862 3649 219
879 3603 939 3648 not.
955 3595 978 3646 *.
1012 3589 1122 3656 Nugae,

193 3677 263 3715 vero
288 3668 370 3722 sont,
398 3659 472 3726 quod
493 3661 673 3716 Fritzschius
691 3661 862 3728 arbitratur,
889 3662 1005 3716 alteram
1022 3658 1113 3714 inter·

193 3729 381 3800 pretationem
406 3745 461 3783 non
488 3730 597 3784 admitti
623 3746 639 3783 a
666 3731 763 3785 verbis
788 3732 878 3804 ipsis,
903 3746 986 3799 quum
1009 3743 1063 3798 per
1080 3741 1114 3778 ea
1176 3735 1180 3750 ·

193 3806 272 3852 certe
297 3810 442 3865 utramque
467 3798 538 3852 ferri
563 3814 647 3870 posse
672 3799 795 3869 liqueat3
817 3803 884 3868 ein,
912 3799 937 3854 si
962 3797 1033 3856 tanti
1057 3804 1112 3858 est,

192 3865 297 3921 nescu.
321 3865 402 3934 Sept.
425 3869 508 3921 tout:
540 3865 661 3938 sepirent
682 3867 774 3938 cipp,
798 3871 879 3926 Eum.
904 3871 971 3925 tat:
999 3859 1115 3934 τιμῶσιν

194 3930 322 4002 ξυμμᾶχῳ
347 3930 421 4004 δορις
448 3935 550 4008 Eurip.
578 3935 664 3992 Herc.
683 3939 738 3992 sut·
758 3941 836 3996 1333:
863 3929 1114 4004 innotescamus,

14 4067 21 4086 .
192 4003 297 4057 Bacch.
320 4004 370 4057 2⁰1
393 4003 509 4059 Mattius
537 4001 657 4076 τιμώσας
678 4008 780 4077 χοροῖς,
806 4007 942 4064 Erechih.
967 4005 1065 4074 fragm·
1088 3999 1114 4072 1,

102 4091 104 4096 ·
193 4071 243 4130 54:
260 4067 428 4142 respiratum
443 4069 564 4145 σῦδομσιῖ
577 4071 730 4146 τιμήσεται.
880 4077 883 4082 ’
