2794 4692
1056 360 1170 436 CXXI
1261 411 1264 420 ι

221 557 225 564 ·
254 526 330 618 Qun
352 524 600 626 incomperta
624 527 767 605 Orestes
793 529 846 606 ad:
858 530 1063 611 Minervam
1087 539 1173 610 ‘con-

150 625 277 703 vensus
314 625 500 726 postquam
528 633 709 705 nonnullis
735 633 857 706 verbis
891 659 978 707 oum
1003 661 1090 709 vero
1115 663 1174 714 an·-

149 725 237 814 tiore
263 728 445 826 animique
474 733 718 806 commotione
743 733 840 806 illius
864 734 908 806 tie
938 735 1015 830 ipso
1040 738 1174 814 merite

149 829 389 924 praedicavit,
441 832 572 927 injecta
621 833 731 908 simul
769 835 881 907 etiam
916 837 1094 930 Apollinis
1137 855 1173 912 e'r

149 927 252 1004 iovis
273 931 476 1008 servatoris
499 933 702 1026 mentione,
729 935 949 1034 ingratiam
970 943 1090 1012 terrae
1114 965 1174 1036 po-

150 1029 297 1126 pulique·
319 1033 552 1108 'Atheniensis
589 1035 628 1107 in
665 1060 772 1109 omne
809 1051 994 1132 posterum
1032 1054 1174 1136 tempus

150 1128 361 1229 interposito
396 1134 629 1232 jurejurando
660 1137 834 1230 affirmat,
868 1140 1018 1212 'nulium
1049 1155 1175 1220 terrae

307 1285 311 1294 ι

154 1311 413 1328 -Ᾱ-ί--υ--ι--η-ι

255 1389 328 1456 quod
353 1389 439 1458 objici
467 1392 572 1462 possit,
608 1389 666 1446 nisi
685 1390 729 1454 id‘,
765 1391 839 1458 quod
858 1391 1014 1465 Euripides
1031 1394 1124 1463 iphig.
1144 1393 1174 1450 in

153 1477 158 1484 ·
207 1466 233 1496 ·.
254 1459 359 1512 Tauris
376 1475 458 1526 quum
478 1461 527 1515 Vs.
549 1461 614 1516 1137
635 1461 737 1514 sorbis
758 1457 868 1530 ψήφους
885 1463 942 1514 t'unr
958 1465 1101 1528 κρίνασα
1117 1465 1175 1520 nt.

242 1543 365 1584 -neruam
390 1541 518 1596 tanquam
535 1525 654 1598 n‘yeptinn
671 1527 719 1582 coti
739 1525 907 1594 δικαστηρίου
925 1529 1054 1598 inducat,
1087 1551 1173 1605 supe-

253 1597 312 1650 rius
341 1595 390 1650 Vs.
409 1599 460 1651 935
485 1596 584 1652 Muttit.
614 1599 710 1651 uerbis
743 1599 799 1650 ioan
830 1595 937 1665 ψῆφους
963 1597 1174 1668 διηρίθμησε

154 1691 158 1701 ·
242 1665 348 1718 'eidem
375 1667 518 1732 negotium
546 1669 671 1720 enicuiot
687 1667 859 1719 numerandi
889 1667 1021 1722 tribuat·
1048 1669 1094 1724 De
1120 1681 1175 1737 qne

192 1777 196 1784 .
256 1751 288 1788 re
304 1732 374 1788 attbt
394 1735 554 1806 disputabo.
593 1735 649 1790 Sei
667 1747 784 1803 quanam
804 1736 914 1792 ratione
932 1753 964 1791 en
982 1754 1056 1803 (punev
1070 1744 1105 1792 de
1129 1758 1174 1796 re·
1199 1783 1200 1788 ,

167 1818 171 1824 ’
253 1803 790 1858 henduntnrliiinervae‘innotescunti
827 1803 888 1858 Vix
907 1805 1076 1875 putaverint,
1115 1825 1173 1862 eam

253 1875 361 1926 demum
380 1874 415 1926 ab
434 1873 618 1944 Areopagitis
636 1875 786 1928 certiorem
805 1874 904 1926 iactam
924 1891 1002 1940 esse,
1022 1879 1176 1941 ouod'tan-

255 1943 396 1996 tumntodo
422 1943 625 1998 insusurrando
651 1943 685 1996 nd
710 1959 803 1995 eurem
828 1943 872 1994 vei
896 1955 977 2010 gestu
1003 1945 1104 2014 digitis
1133 1949 1176 2000 sa-

255 2011 355 2064 ciendo
381 2011 447 2064 fieri
474 2011 623 2081 potuisset.
674 2012 781 2066 Verum
808 2011 859 2064 ilia
886 2013 1060 2066 calculorum
1086 2018 1176 2086 palum

151 2119 157 2124 -
253 2081 283 2134 in
300 2095 419 2134 mensem
438 2083 592 2147 eJectorum
608 2077 816 2144 diremtionenn
828 2121 831 2128 ,
844 2079 954 2134 etiamsi
973 2094 1107 2152 utraeque
1126 2103 1175 2142 nr.

255 2165 309 2204 noe
333 2150 417 2202 simui
442 2150 677 2213 excutiebantur,
713 2149 741 2202 id
760 2150 833 2218 quod
853 2167 887 2202 ne
911 2151 1042 2218 sequitur
1064 2154 1176 2220 quidem

254 2221 420 2272 necessario
437 2235 454 2272 e
474 2218 571 2272 verbis
588 2227 702 2289 poetae,
729 2219 893 2272 nundinam
912 2227 1008 2290 utpote
1025 2222 1095 2287 dea,
1125 2225 1177 2276 sed

255 2303 337 2354 quum
356 2288 462 2342 cslcuii
480 2287 562 2357 pauci
583 2299 686 2342 tentum
704 2298 798 2342 essent
817 2303 945 2355 numero,
974 2291 1079 2359 optime
1097 2305 1176 2362 pote·

207 2389 209 2396 ι
253 2368 298 2412 rat
323 2355 416 2409 oculis
440 2356 576 2426 prosequi
596 2369 624 2410 et
646 2355 778 2410 memoria
804 2365 907 2409 tenere.
959 2359 1075 2412 Quinam
1100 2361 1177 2413 circa

197 2431 204 2458 ’
253 2425 325 2478 nanc
344 2441 402 2481 rem
425 2441 569 2480 vetemus
595 2425 734 2489 tenuerit,
770 2425 883 2482 dubium
907 2426 1044 2491 manebit,
1080 2445 1176 2492 quam-

254 2509 333 2561 quam
353 2495 582 2564 probabilissima
601 2499 763 2560 conjectura
781 2501 839 2557 est,
864 2493 946 2546 etiarn
966 2497 1049 2564 vulgo
1068 2497 1174 2549 direm-

254 2563 357 2617 tionetn
385 2562 557 2634 inspiciente
582 2565 717 2616 archonte
741 2577 928 2627 numerosque
957 2569 1104 2634 repetente
1131 2567 1174 2619 fu·

254 2644 324 2684 ctatn
345 2647 417 2684 esse.
436 2663 468 2674 -
512 2631 613 2687 Restat
631 2641 662 2685 ut
679 2627 803 2684 breviter
820 2631 856 2684 de
874 2647 908 2684 eo
926 2631 1067 2699 dicamus,
1098 2636 1173 2702 quod

193 2755 197 2762 ,
251 2701 319 2756 huic
337 2700 373 2753 tie
391 2700 495 2756 Oreste
517 2701 647 2754 exercito
669 2697 779 2768 jndicio
804 2709 834 2751 ut
859 2699 949 2770 primo
973 2702 1092 2756 omnium
1122 2721 1173 2772 pe·

252 2767 358 2822 culiare
377 2779 434 2836 est,
469 2770 497 2823 id
517 2770 643 2838 inquam,
678 2769 750 2836 quod
770 2783 847 2821 snum
866 2770 1006 2838 negotium
1024 2771 1097 2827 dicit
1114 2773 1174 2828 tnt-

249 2853 335 2892 nerva
353 2835 404 2892 Vs.
422 2841 488 2905 701,
512 2855 566 2906 qua
586 2837 695 2893 ratione
713 2849 861 2908 peracturo
880 2840 931 2903 911,Ι
962 2841 1174 2910 praesignificat

250 2907 302 2961 Vs.
321 2909 389 2972 7115,
422 2907 534 2976 peragit
556 2907 1081 2977 (1111111155,711ε1713ρτοηυηοὶαι.
1115 2909 1173 2964 Sed

251 2975 287 3028 de
306 2975 414 3029 ratione
438 2977 537 3030 horum
564 2979 691 3030 iocorum
718 2987 770 3030 tam
795 2975 911 3042 copiose
935 2979 1105 3046 disputatum
1131 2990 1175 3034 est

251 3043 352 3110 partim
373 3046 401 3098 in
420 3046 533 3098 Adnott.
550 3063 578 3118 p.
600 3047 648 3100 tat
666 3061 741 3112 sqq„
781 3044 880 3114 purtim
903 3047 1051 3116 superius,
1082 3048 1174 3102 uteie

249 3112 299 3167 hic
316 3112 478 3168 accuratius
494 3113 672 3186 exponendis
687 3114 876 3193 supersedere
894 3115 1041 3182 possimus.
1069 3118 1174 3172 Moneo

251 3192 357 3247 tamen,
391 3184 641 3250 carendumesse,
668 3199 704 3238 ne
721 3184 766 3248 td,
800 3184 873 3249 quod
893 3185 1174 3252 Minetvnjstmante

252 3251 381 3305 calculos
407 3251 598 3306 dinumeratos
627 3267 660 3304 eu
686 3253 741 3316 ait,
778 3267 849 3318 quae
875 3253 939 3306 Vos.
956 3257 1021 3317 out,
1039 3257 1103 3319 7⁰5,
1124 3258 1173 3308 711

252 3321 446 3384 continentur,
473 3321 513 3374 ita
531 3321 705 3390 accipietur,
733 3321 811 3386 quasi
831 3321 882 3373 dea
903 3333 950 3374 aut
969 3322 1085 3388 uiderit,
1104 3341 1175 3390 quo·

249 3391 333 3442 modo
350 3391 543 3461 Areopagitae
561 3391 697 3457 suffragia
715 3390 850 3453 tulerint,
880 3402 940 3455 ant,
971 3404 1067 3462 utpote
1087 3393 1175 3446 futuri

251 3459 396 3529 praescia,
414 3461 540 3512 caicuios
558 3460 698 3525 utrimque
717 3475 800 3526 pares
819 3460 929 3514 futuros
948 3477 1026 3525 esse,
1042 3465 1097 3529 jam
1119 3473 1175 3516 tunt

251 3527 395 3594 cognitum
415 3529 529 3595 habent,
564 3540 647 3594 quum
666 3528 718 3580 itta
735 3527 815 3581 dicit.
861 3529 936 3582 Iiiud
955 3541 1053 3584 contra
1070 3531 1175 3584 moreni

248 3595 422 3664 judiciorum
441 3598 656 3651 Atheniensium
683 3607 837 3667 pugnaret,
873 3599 927 3652 itoc
952 3615 1057 3652 omnem
1084 3600 1175 3654 ectio-

249 3681 331 3731 nem,
359 3681 439 3732 quam
457 3678 572 3730 vocant,
603 3667 718 3720 tolieret
737 3666 875 3718 eiabuia.
919 3668 1176 3738 Utrumqueprae·

252 3744 333 3788 terea
359 3737 532 3789 conreiieret
550 3751 609 3788 enrn
636 3737 783 3800 rationem,
821 3752 871 3788 rur
895 3753 944 3804 ea,
974 3753 1051 3804 ¹(puae
1076 3737 1177 3791 indea

252 3802 305 3856 Vs.
323 3805 372 3856 'tttt
392 3820 480 3871 usque
498 3805 531 3856 ud
551 3805 594 3858 Vs
621 3807 672 3858 'tlt
689 3803 760 3857 dicit
777 3804 923 3870 Minerva,
958 3824 992 3860 eo
1020 3807 1083 3877 ipsu
1111 3809 1176 3860 ioco

253 3870 349 3940 posita
369 3873 459 3926 iniere
476 3873 505 3927 in
523 3873 637 3927 Adnutt.
656 3889 680 3942 p·
693 3874 742 3926 tte
760 3874 926 3939 monuimus,
946 3891 1025 3942 quam
1044 3890 1094 3928 noe
1112 3874 1177 3942 qui·

253 3939 316 3992 (ient
345 3951 398 3994 tarn
425 3943 611 3996 necessariam
637 3952 799 4008 certamque
827 3944 977 4008 habemus,
1016 3953 1046 3998 ut
1069 3945 1113 3997 vei
1139 3943 1177 3994 ob

252 4023 311 4061 eum
339 4011 426 4066 solem
452 4012 624 4068 eontrarium
650 4012 764 4068 illarum
790 4029 883 4067 rerum
908 4014 1083 4070 statuendum
1109 4029 1176 4067 cen·

249 4089 367 4134 neamus.
