2652 4688
236 350 315 438 21⁰

241 545 345 608 φωνος
363 518 445 602 ὁμοῦ
464 551 506 564 -
528 508 653 596 ὀλολυγὴ
676 510 748 594 (Ars
767 511 847 576 ΛΠ.
861 511 939 592 221)
960 514 1137 578 101181811
1159 516 1285 585 finden.

240 609 318 674 Vou
339 603 461 667 diesem
477 598 671 661 Gebrauche
690 596 746 659 dee
768 595 819 656 ἔπε’
837 620 897 658 τινι
917 598 1081 680 sprachen
1105 603 1183 666 wir
1203 603 1287 666 oben

239 712 284 758 m
300 691 425 754 V.976.
469 681 603 768 Richtig
624 679 781 744 Schuetz:
802 682 1006 743 centibus
1027 687 1208 748 nostrie
1230 707 1289 748 oc·

241 776 394 849 cinite,
424 768 682 831 acclamate«
737 764 843 844 Quem
869 768 1067 828 seutentiam
1091 770 1215 850 quivis
1235 772 1288 834 vel

241 880 310 924 nou
331 854 476 918 monitus
497 847 622 913 viderit
642 848 852 909 falsissimam
872 868 951 912 ecee.
995 847 1193 930 Steulejue:
1228 875 1288 916 ex·

242 944 421 1007 clamate
448 953 555 998 nunc
582 933 623 993 iu
653 932 861 997 cantibus.
911 928 987 995 'Ena'
1014 935 1158 1013 μολπαῖς
1187 939 1288 998 mini-

241 1047 297 1094 mo
330 1019 373 1086 ad
400 1028 533 1084 cantum
560 1013 776 1078 deductorum
812 1025 966 1098 spectat„
990 1015 1049 1080 red
1085 1018 1188 1081 idem
1218 1023 1288 1084 lere

241 1107 408 1216 siguificat
428 1097 517 1188 quod
537 1095 692 1181 μολπηδὸν
710 1099 797 1161 Pers.
821 1097 879 1162 Ve.
896 1101 976 1165 381:
1007 1100 1145 1176 uelocior
1167 1109 1289 1184 μολπη-

244 1196 297 1258 (lov
319 1187 488 1274 εὐφήμηοε.
544 1182 709 1247 Similiter
729 1202 799 1245 eece
820 1183 920 1248 hebet
938 1187 1156 1329 praepositio
1181 1188 1233 1249 ἐπὶ
1253 1192 1288 1250 in

243 1281 351 1344 hisce:
383 1267 573 1343 ἀνωλόλυξαν
600 1267 650 1330 ἐμὲ
678 1263 903 1349 διθυράμβοις,
965 1269 1140 1335 allimach.
1172 1272 1238 1354 Epi
1261 1293 1286 1336 r.

243 1363 290 1443 L,
312 1354 357 1422 ἐπ’
380 1353 497 1460 εὐτυχεῖ
513 1353 630 1433 μολπᾷ,
652 1349 729 1412 Eur.
750 1351 851 1413 Herc.
873 1352 949 1417 Fur.
971 1351 1030 1416 Vs.
1047 1355 1126 1419 345,
1149 1354 1206 1417 ἐπὶ
1236 1294 1287 1416 ii-

244 1433 974 1590 20²2“allocutor„tec
991 1437 1287 1584 tenel-

246 1551 287 1594 ea
311 1551 332 1592 v
488 1586 491 1594 ,
1253 1545 1286 1584 u-

159 1683 161 1688 ,
245 1609 393 1678 menidae
409 1614 544 1692 spectet,
564 1614 603 1666 ut
617 1564 817 1665 Fritzechiue
839 1612 960 1682 censet,
982 1621 1048 1686 quo
1070 1623 1178 1668 nemo
1202 1628 1286 1670 com·

245 1699 393 1782 pellatur
413 1695 480 1754 uici
501 1690 613 1764 iidem,
637 1688 696 1772 qui
717 1695 813 1750 antee
833 1688 981 1750 versibus
1001 1688 1066 1752 988
1089 1697 1127 1750 et
1151 1693 1228 1756 991.
1248 1731 1286 1742 .-

244 1782 356 1846 Versu
376 1779 439 1845 993
467 1775 630 1837 haesitare
652 1771 775 1854 poesie,
802 1771 999 1836 vocabulum
1030 1775 1147 1850 σεμναὶ
1175 1785 1286 1836 utrum

246 1868 356 2014 grimo
376 1865 476 1926 litera
496 1859 674 1957 majuecule
695 1853 903 1920 scribendum
924 1857 986 1930 eit,
1016 1874 1059 1915 an
1082 1860 1283 1924 minuscule.

249 1968 357 2098 „llll
371 1939 650 2111 illitis&
670 1937 1281 2107 llll?’pssllff’tllltlfl

248 2116 307 2182 cul
330 2134 350 2176 o
372 2112 447 2174 fieri
468 2111 566 2185 solet,
593 2128 668 2168 nam
690 2116 780 2169 arcte
799 2105 961 2192 jungenda
993 2115 1072 2168 eunt
1100 2111 1216 2174 verbe
1241 2132 1280 2172 οε-

250 2223 323 2282 μναι
347 2197 400 2260 καὶ
422 2189 658 2276 ὃυςπαρήμορον,
682 2195 752 2253 fere
772 2200 810 2250 ut
830 2188 917 2272 apud
932 2187 1130 2271 Euripidem
1149 2193 1280 2278 Hippol

249 2283 309 2348 Vs.
328 2284 368 2348 92
390 2299 476 2382 seqq.
498 2286 532 2340 et
551 2275 672 2338 Alcest.
691 2279 752 2340 790
774 2282 808 2336 et
828 2275 889 2339 792
910 2267 944 2338 τὸ
968 2271 1078 2353 σεμνᾶν
1102 2283 1281 2360 opponitur

249 2367 292 2450 τῷ
313 2363 546 2450 εἰστροςημορῳ,
580 2379 715 2444 prorsus
743 2368 782 2419 ut
803 2355 889 2440 apud
910 2357 1179 2422 Demosthenem
1211 2370 1281 2425 orat

250 2454 277 2517 Ι.
306 2450 379 2514 adv.
401 2448 574 2533 Aristogit.
603 2464 636 2526 p.
658 2446 720 2509 772
742 2443 779 2506 Β,
810 2437 1018 2520 conjunctum
1046 2443 1203 2528 legitur:
1239 2441 1282 2519 cir

253 2533 532 2616 ἀπαραίτητον
561 2529 614 2590 καὶ
639 2521 786 2607 σεμνὴν
814 2528 927 2602 Δίκην.
970 2525 1092 2587 Nostri
1114 2549 1207 2591 vero
1229 2529 1283 2591 loci

252 2641 354 2706 quum
374 2637 434 2703 per
454 2635 489 2678 ee
512 2612 578 2674 alia
600 2613 687 2677 ratio
709 2613 768 2688 eit,
790 2620 860 2674 tum
880 2607 1080 2674 vocabulum
1103 2610 1226 2694 σεμνᾶς
1247 2612 1284 2674 di-

250 2723 347 2772 versa
367 2707 528 2783 potestate
549 2695 734 2758 adhibitum
755 2703 820 2769 est,
841 2693 930 2758 valet
951 2695 1039 2754 enim
1061 2693 1143 2758 hic:
1175 2717 1284 2760 vene

254 2784 427 2861 raudus,
456 2784 546 2845 illic:
578 2799 758 2842 severus.
801 2779 906 2840 Porro
927 2777 1047 2839 Furiae
1067 2778 1141 2856 jem
1163 2782 1308 2872 fingurffi

252 2882 311 2934 tur
329 2869 412 2932 urbe
440 2873 604 2948 receptae,
634 2863 693 2926 ubi
720 2862 881 2945 peculiari
902 2861 1099 2948 cognomine
1126 2867 1162 2924 ni
1189 2865 1285 2945 σεμνοὶ

253 2954 330 3020 θεαὶ
356 2949 621 3034 appellabantur3
660 2967 761 3029 quare
785 2947 884 3008 facile
915 2947 952 3005 in
981 2946 1136 3026 priorem
1160 2959 1285 3012 senten·

254 3041 338 3102 tiam
358 3034 547 3098 incumbere
567 3041 600 3094 te
620 3033 768 3116 patiaris.
812 3025 878 3092 Sed
899 3028 1041 3106 injuria,
1072 3049 1130 3092 me
1154 3033 1285 3116 quiden

254 3120 379 3204 judice,
416 3137 520 3199 neque
549 3118 637 3178 enim
663 3115 794 3198 proprii
820 3113 963 3175 nominis
991 3113 1065 3176 vice
1092 3114 1203 3203 fungi
1223 3136 1287 3181 ver.

256 3207 337 3272 bum
359 3204 466 3283 σεμναλ
494 3199 581 3283 apud
601 3199 760 3261 Nostrum
790 3197 984 3281 putaverim.
1007 3231 1049 3242 —
1092 3196 1148 3259 Ab
1173 3221 1219 3264 ea
1240 3220 1289 3263 vo-

257 3293 306 3354 cie
331 3283 439 3370 σεμνός
460 3285 718 3372 significatione,
749 3301 832 3366 quae
853 3281 1022 3362 inpriore
1044 3279 1106 3342 illo
1132 3283 1220 3346 loco
1242 3285 1289 3346 ot

257 3375 359 3450 tinet,
395 3371 544 3455 proxime
571 3366 672 3429 distat
706 3365 782 3446 ille,
821 3383 885 3448 que
914 3367 950 3423 iu
979 3361 1094 3426 eodem
1129 3372 1290 3442 carmine,

258 3455 319 3524 vs.
339 3457 419 3534 351,
451 3460 607 3536 usurpata
635 3459 700 3524 est;
736 3449 776 3513 de
807 3457 946 3529 utraque
974 3449 1033 3508 cfr.
1063 3447 1239 3514 Photium
1266 3461 1292 3514 et

259 3537 398 3606 Suidem
427 3558 452 3600 e.
474 3549 524 3615 v'.,
559 3543 686 3598 veteres
719 3534 807 3598 inter
830 3540 915 3593 retes
933 3527 984 3590 -ed
1014 3531 1130 3594 locum
1159 3534 1295 3620 Hippo-

257 3623 325 3706 lyti
358 3630 393 3686 et
432 3618 629 3698 Alcestidie,
660 3617 782 3681 Alcest.
848 3637 873 3677 e·
895 3615 974 3690 817,
1010 3611 1104 3678 Med.
1146 3615 1215 3684 Vr.
1240 3622 1295 3684 219

259 3707 383 3773 March.
422 3704 535 3788 ibique
565 3703 701 3778 schol„
723 3697 891 3784 Aristoph.
928 3695 1007 3758 Rau.
1041 3696 1085 3760 V.
1109 3701 1179 3765 481
1228 3725 1294 3766 cum

259 3791 399 3856 echolio.
422 3827 464 3839 -
505 3786 588 3848 Mox
608 3787 801 3850 facillimum
822 3791 880 3861 est,
901 3781 1002 3844 verba
1024 3777 1098 3842 καθ’
1125 3783 1212 3848 ὁδὸν
1233 3792 1297 3868 jun.

259 3896 338 3964 gere
357 3894 432 3938 cum
451 3866 640 3952 τερπόμεναι.
684 3870 861 3951 Aliquanto
882 3864 996 3927 durius
1024 3866 1135 3942 foret,
1170 3873 1208 3932 si
1233 3873 1296 3954 qui,-

261 3959 375 4024 eedem
396 3955 438 4019 ad
466 3955 508 4016 ἴτε
535 3957 659 4017 referre
679 3953 794 4030 vellet,
821 3959 860 4014 ut
880 3971 910 4012 v.
933 3968 961 4012 c.
985 3945 1073 4047 apud
1093 3949 1297 4037 Euripiden

263 4041 369 4108 Oroet.
391 4033 450 4106 Vs.
474 4039 555 4106 1677
576 4037 785 4101 Meum-ecte
808 4034 849 4098 ἴτε
869 4034 925 4097 νῦν
947 4038 1014 4096 καθ
1044 4029 1135 4099 ὁδόν.
1161 4070 1216 4086 -
