2794 4692
923 401 929 412 ·
1021 346 1162 432 LXVII
1256 413 1258 420 ,

129 533 342 630 dissipatae,
402 528 617 602 insectantes
667 525 787 622 atque
823 523 1080 640 investigantes
1097 521 1160 617 ⁵⁷).

129 637 230 726 Una,¹
279 629 528 731 coryphaeum
564 627 665 717 dico,
711 624 856 700 videtur
897 623 967 698 sibi
1009 625 1163 726 vestigia

129 734 268 812 Orestis
292 733 332 807 in
353 729 538 831 sanguinis
564 726 676 828 guttis
700 751 767 822 per
797 728 916 800 solum
942 727 1077 822 sparsis
1105 728 1163 800 de-

128 833 348 934 prehendere
366 846 471 928 atque
488 830 600 904 aliam
621 851 732 925 pram
753 839 894 916 monet,
923 841 963 900 ut
982 851 1025 902 ea
1044 851 1163 927 perse-

229 1067 311 1122 quam
341 1050 388 1103 tbi
422 1051 556 1120 Orestes,
590 1067 673 1122 quem
705 1050 894 1117 insectantur,
938 1049 1032 1104 sedem
1065 1051 1161 1104 hebet.

233 1121 349 1190 Quippe
371 1121 426 1174 boc
451 1137 512 1175 mos
533 1123 697 1191 postulabat
713 1123 749 1174 ab
773 1123 826 1188 iis,
863 1134 936 1182 nune
953 1116 1043 1172 chori
1066 1130 1164 1191 partes

233 1199 362 1260 agerent.
405 1189 1106 1260 luterimoenettus1.c.p.2as,aonosso
1134 1187 1165 1241 in
1260 1243 1263 1248 ,

233 1261 289 1314 boc
317 1257 374 1340 sibi
400 1258 513 1314 videtur
529 1259 851 1341 'singulareuquoddam
882 1267 984 1338 poetae
1011 1257 1166 1311 consiliunt
1257 1257 1259 1264 '

232 1327 930 1477 {iiiiiiesifidit‘nll‘lll‘rtdi}⁰¹}0{d¹
950 1327 1165 1474 libidis-‘13⁸3

234 1467 335 1520 drsche
353 1463 542 1532 Schuzgiittln
559 1480 595 1518 nu
614 1466 731 1532 deutera,
763 1464 827 1517 dass
846 1464 981 1517 nachderc
999 1463 1099 1519 lriiher
1117 1463 1167 1516 dre

232 1535 382 1612 Erinnpen
406 1548 502 1599 sogsr.
515 1533 545 1587 in
570 1532 621 1587 das
642 1534 773 1587 lnnerste
798 1533 849 1584 des
867 1532 1064 1601 Delphiscben
1083 1533 1167 1586 Tem-

257 1605 300 1658 els
318 1601 531 1669 eingedrungen
548 1617 658 1665 waren,
675 1602 726 1655 das
742 1599 811 1655 Bild
830 1600 896 1664 (sic)
914 1601 965 1654 des
986 1601 1087 1655 Gottes
1106 1617 1167 1654 um·

234 1621 1168 1804 bttinnttt‘dttltitt„tltztrtt‘ant'izt‘

237 1807 353 1861 tentiam
374 1808 467 1861 minus
490 1806 669 1886 probabilem
688 1823 757 1874 esse¹
776 1810 831 1872 ajo.
867 1805 924 1860 Sed
943 1806 969 1860 si
990 1805 1042 1860 ills
1066 1817 1167 1877 poetae
1254 1867 1257 1872 ,

237 1874 381 1932 institutio
408 1875 549 1947 peculiari
577 1876 689 1946 indiget
714 1873 909 1946 explicatione
935 1888 1019 1942 atque
1046 1891 1168 1930 excissa·

237 1943 332 2012 tione,
351 1961 532 2012 recenseo,
551 1945 627 2018 quod
644 1946 798 2017 probabile
815 1953 892 2008 erat,
912 1960 1052 2014 pugnasse
1070 1945 1168 2000 videa·

124 2027 128 2034 ’
237 2025 299 2081 tur,
330 2014 426 2085 potius
444 2024 566 2081 statuas,
596 2014 669 2083 tingi
687 2013 804 2080 Furias,
832 2013 976 2081 Gorgonis
994 2030 1061 2079 ore,
1091 2015 1167 2081 quod

235 2085 385 2140 Mineruae
402 2083 599 2150 simulacrum,
632 2083 826 2154 probabiliter
844 2082 872 2136 in
897 2083 989 2153 primo
1015 2084 1168 2154 proscenio

236 2154 376 2226 positum,
410 2152 440 2206 in
458 2154 563 2224 clypeo
580 2154 723 2222 gestabat,
755 2152 885 2214 territas,
917 2169 973 2205 non
990 2167 1073 2206 ausas
1092 2153 1169 2208 ulte·

236 2223 297 2278 rius
315 2222 464 2295 progredi.
499 2224 579 2277 llaec
597 2225 761 2288 conlectura
778 2232 809 2277 ut
823 2219 964 2288 originem
984 2221 1025 2276 ita
1041 2221 1168 2292 speciem

237 2291 318 2347 ducit
336 2310 353 2345 e
371 2290 467 2346 uerbis
484 2291 557 2345 Euri
581 2291 656 2344 ideis
671 2294 729 2359 jam
747 2289 880 2360 superius
899 2290 1007 2345 citatis.

237 2361 327 2417 Ghori
345 2363 418 2414 hanc
431 2309 626 2431 epiparodhtn,
645 2359 753 2430 pariter
766 2371 851 2426 atque
868 2361 1013 2428 paredum,
1030 2353 1169 2425 σποράδην

239 2431 342 2486 laetam
370 2445 435 2484 esse
462 2429 591 2484 dubitari
618 2429 727 2498 nequit.
778 2428 910 2496 Negabat
936 2438 1027 2482 tamen
1052 2429 1074 2480 F
1082 2428 1168 2481 ritu·

239 2499 366 2554 sebius
392 2498 424 2552 in
448 2514 525 2553 cens.
553 2515 583 2569 p.
603 2499 652 2563 25,
687 2509 717 2551 et
745 2513 795 2563 re,
830 2512 885 2549 non
913 2496 1010 2550 verbis
1043 2496 1168 2562 quidem,

239 2565 498 2634 carlmannus,
532 2564 582 2634 qui
600 2569 656 2633 jam
679 2566 760 2636 prius
785 2565 945 2630 statuebat,
978 2565 1081 2618 Furias
1100 2561 1170 2617 narni

239 2632 307 2708 ζυγᾶ
325 2636 472 2707 prodisse,
507 2635 826 2704 atquellluellerus,
861 2651 946 2701 quum
965 2634 994 2688 in
1022 2635 1170 2706 explicati.

239 2708 275 2762 ad
292 2707 409 2760 Eumen.
427 2723 453 2776 p.
465 2707 500 2759 86
519 2705 555 2758 de
572 2719 709 2774 processu
727 2703 878 2758 Furiarum
896 2704 1051 2758 scriberet:
1077 2704 1170 2758 »Dass

240 2776 286 2830 eie
309 2775 339 2829 in
357 2774 447 2829 awei
475 2773 702 2842 langgedebnten
721 2772 834 2827 Reiben
864 2772 1078 2834 bereinlrsrnen,
1115 2773 1171 2826 und

241 2844 305 2900 sich
333 2844 422 2898 theils
447 2843 519 2896 nach
537 2843 589 2896 der
612 2843 748 2909 rechten,
784 2841 879 2897 theile
898 2843 969 2896 nach
994 2843 1047 2896 der
1072 2842 1172 2896 linken

240 2912 492 2970 Selenuntes«
528 2912 626 2965 Talem
644 2912 719 2965 enim
737 2911 942 2981 progrediendi
961 2912 1098 2966 rationem
1116 2927 1172 2965 non

241 2981 368 3037 arbitror
385 2996 556 3048 equaquam
573 2977 711 3050 σπορᾶδην
728 2981 830 3037 iactam
847 2979 904 3034 dici
924 2980 1066 3051 potuisse,
1084 2995 1171 3049 aquo

241 3052 331 3106 verbo
356 3061 505 3118 tantopere
529 3051 666 3104 abhorret
689 3049 807 3117 quaeris
830 3049 942 3103 ordinis
967 3049 1100 3104 servandi
1119 3065 1171 3101 no·

241 3121 298 3182 tio,
316 3127 359 3188 ut,
387 3134 471 3186 quum
488 3118 656 3187 ceteroquin
673 3119 746 3173 haud
766 3118 879 3172 inficias
896 3120 1012 3184 iverint,
1037 3116 1172 3172 Pollucis

171 3211 176 3247 t
240 3191 354 3254 verbs,·
377 3187 479 3255 quibus
501 3187 535 3241 1..
553 3187 611 3254 tv,
630 3189 652 3255 §.
670 3190 722 3244 108
745 3190 850 3253 refert,
885 3190 1020 3259 paredum
1037 3204 1172 3241 nonnun-

240 3274 322 3328 quam
349 3256 434 3312 etiam
451 3253 521 3310 καθ’
537 3253 585 3309 ἕνα
601 3257 702 3312 iactam
720 3271 800 3323 esse,
830 3259 946 3311 eandem
964 3267 1022 3312 rem
1045 3264 1172 3325 tangere,

157 3363 161 3372 .
241 3338 340 3382 contra
365 3337 491 3381 statuens
518 3339 599 3393 quam
625 3325 877 3393 Lachmannus,
911 3342 966 3380 non
998 3325 1105 3394 possim
1129 3335 1171 3386 ta·

240 3412 304 3452 meu
326 3395 396 3450 mihi
422 3395 608 3475 persuadere,
637 3393 740 3448 Furias
768 3395 809 3449 its
831 3396 960 3478 singulas
984 3393 1171 3465 processisse,

241 3464 961 3600 ttriti‘titilustirltntrittttt,
976 3465 1173 3589 'ibiibi

242 3604 340 3676 potius
364 3604 439 3685 quod
460 3605 517 3670 jam
541 3601 674 3672 superius
698 3602 792 3655 adnot.
810 3605 844 3658 38
868 3602 920 3654 sub
944 3603 1041 3669 finem,
1077 3618 1173 3672 quam·

243 3689 325 3741 quam
348 3675 438 3726 minus
462 3669 605 3737 dilucide,
642 3669 820 3740 significavi,
852 3671 953 3726 Furias
980 3688 1035 3726 non
1061 3687 1173 3742 semper

243 3742 372 3810 singhlas
392 3747 497 3796 tanturn
519 3739 575 3806 ita,
611 3749 642 3794 ut
666 3748 744 3792 certa
763 3739 897 3807 quaedam
916 3742 961 3794 vel
979 3744 1085 3808 majora
1104 3756 1173 3796 teut-

243 3811 324 3880 poria
343 3810 496 3866 interualla
514 3809 738 3874 intercederent,
770 3825 866 3864 rerum
885 3811 971 3864 etiam
988 3811 1086 3877 binas,
1113 3821 1173 3864 ter·

244 3897 310 3944 nae,
328 3890 358 3936 et
375 3877 486 3933 omnino
499 3879 619 4000 plures,
642 3879 741 3932 eodem
760 3879 896 3950 temporis
914 3890 1067 3945 momento,
1092 3877 1173 3932 nullo

245 3960 337 4003 tamen
363 3960 440 4004 certo
465 3965 499 4002 or
518 3963 585 4012 sne,
619 3948 672 4000 sed
694 3957 838 4015 secretas,
874 3949 904 4003 in
930 3951 1104 4003 orchestram
1129 3946 1174 4000 in·

245 4017 367 4080 troisse,
403 4033 475 4086 quae
499 4015 574 4070 ratio
598 4015 629 4072 in
652 4015 813 4072 universum
834 4017 948 4085 quidem
966 4020 1063 4071 eodem
1089 4012 1175 4080 redit,

178 4123 181 4130 ·
245 4101 279 4142 ac
298 4085 325 4142 si
342 4085 447 4143 Furias
470 4083 600 4156 singulas
624 4086 805 4157 processisse
828 4087 918 4142 dieas.
952 4086 991 4142 nt
1014 4085 1087 4141 enim
1107 4085 1177 4148 illae

930 4213 968 4277 e*
