2794 4692
987 355 1160 433 LXXVII

120 553 193 604 nae
217 527 321 604 valde
347 526 520 603 obnoxios
546 554 632 604 ess-e.
656 569 705 582 -
756 532 840 607 Iam
862 529 1035 628 repetitur
1060 529 1158 604 idem

122 629 215 704 illud
241 627 569 732 epiphthegmaffl).
602 630 773 724 (Antisu.
801 632 854 725 l.)
949 698 952 703 .

226 732 313 806 Inde
340 731 384 806 ad
409 734 563 806 alteram
589 731 767 808 carminis
792 748 935 828 partem
960 749 1156 810 transeunt.

225 835 307 908 Hoc
340 831 430 925 sibi,
475 835 591 930 ajunt,
642 834 872 909 nascentibus
903 859 1036 911 munus
1072 838 1158 912 assi·

122 945 277 1035 gnatum
303 959 390 1010 esse.
442 933 500 1010 Ab
525 935 798 1012 immortalibus
831 961 920 1010 vero
946 937 1051 1030 (diis)
1076 963 1158 1036 pro·

123 1037 186 1110 cul
218 1034 342 1112 abesse
375 1060 521 1113 necesse
546 1061 623 1112 esse
637 1036 706 1130 ⁷⁰),
749 1061 864 1136 nequa
897 1063 1005 1136 quem
1037 1041 1160 1115 couvi,

130 1191 411 1206 ο--ι--ι--ι-ό-

230 1268 324 1391 terit,
357 1263 393 1322 ὥσ
404 1272 554 1340 ,κυνηγέτην
570 1267 659 1337 niver,
694 1279 724 1324 ut
741 1285 803 1324 eum
820 1268 963 1340 Euripide
980 1271 1098 1338 loquar,
1130 1271 1160 1325 ln

252 1353 286 1392 ac
310 1352 411 1392 caussa
426 1337 531 1408 μητρὸς
547 1339 650 1406 i'yirosor
667 1337 742 1392 river
765 1341 926 1410 appellatae
949 1339 985 1394 ab
1002 1340 1159 1410 Aeschylo,

237 1416 270 1460 ut
285 1407 340 1473 jam
360 1409 494 1476 superius
514 1409 648 1474 vidimus,
668 1409 769 1462 adsunt
788 1410 894 1463 occisis
913 1420 1042 1476 tanquam
1059 1407 1164 1478 pudoro-

232 1488 290 1545 ρετ,
314 1483 387 1529 teste
407 1478 471 1530 loco
490 1479 572 1530 modo
591 1487 735 1544 correcto,
758 1480 814 1545 jam
833 1477 863 1531 in
881 1479 995 1532 Adnott.
1013 1481 1094 1549 p..7⁰
1111 1481 1163 1532 atl-

231 1544 341 1610 hibito,
361 1546 410 1612 qui
429 1561 503 1618 nunc
521 1546 603 1600 etiam
621 1545 723 1599 melius
741 1547 777 1599 ad
795 1549 866 1601 hanc
884 1563 943 1600 reru
959 1549 1092 1616 quadrat,
1109 1565 1161 1602 vo-

228 1625 328 1669 cantur
345 1611 449 1683 pqrpdr
466 1612 583 1668 σύνδικοι
601 1615 721 1669 inferius
736 1615 787 1670 Vs.
799 1618 857 1670 731.
892 1615 952 1669 Pro
970 1619 1085 1683 vulgata
1105 1635 1158 1670 ex-

229 1683 358 1754 plicandi
379 1685 490 1737 ratione
507 1683 604 1738 afferri
625 1693 735 1754 potest,
774 1685 829 1738 uod
843 1684 948 1738 Furiae
965 1700 996 1739 se
1013 1685 1091 1754 ipsas
1109 1703 1158 1739 su-

229 1753 328 1822 perius
345 1753 398 1809 Vs.
409 1757 459 1808 197
474 1753 588 1808 OrestIs
605 1766 918 1822 uponopnourrocau13
937 1750 990 1806 cfr.¹
1008 1755 1093 1807 etiam
1112 1757 1158 1808 lo·

230 1837 299 1886 cos,
334 1823 384 1890 qui
403 1831 467 1876 sunt
487 1823 538 1878 Vs.
556 1825 607 1878 391
626 1834 655 1877 et
674 1823 723 1878 Vs.
745 1825 797 1876 399
814 1839 876 1892 sqq.
894 1835 923 1877 et
939 1839 1005 1876 mox
1024 1824 1090 1878 Vss.
1109 1827 1161 1878 336

227 1907 294 2014 ῗᾳὲ.
314 1903 343 2014 ξι
361 1893 411 1948 346
429 1907 509 1960 sqq,
541 1895 705 1961 quamquam
729 1894 760 1946 hi
778 1907 872 1962 neque
889 1901 1020 1947 anostra
1038 1890 1094 1947 illa
1111 1893 1160 1948 ab.

241 1977 257 2013 u
281 1976 338 2014 un.

150 2028 197 2100 69)
231 2029 338 2084 Mirum
357 2039 416 2096 est,
450 2029 677 2100 grammaticum,
710 2030 760 2100 qui
780 2031 815 2086 de
833 2030 933 2086 metrIs
951 2031 1083 2102 scripsit,
1116 2048 1161 2098 ea,

231 2115 304 2167 quae
324 2097 390 2152 inde
407 2100 443 2152 ab
467 2099 553 2156 initio
574 2108 788 2172 anapaestorom
811 2101 952 2168 usquead
970 2099 1059 2154 vtinem
1078 2102 1163 2168 hujus
1190 2122 1194 2130 ¹

229 2167 428 2238 antistrophae
447 2170 595 2240 leguntur,
622 2169 841 2239 asequentibus
861 2185 1009 2250 separare,
1036 2169 1077 2225 ita
1094 2169 1162 2239 qui·
1244 2207 1250 2224 ,

230 2239 310 2305 dem,
345 2245 376 2292 ut
401 2248 431 2293 et
455 2251 623 2310 anapaestos
648 2248 677 2294 et
702 2255 761 2294 eam
788 2239 921 2294 carminis
948 2251 1069 2310 partem,
1105 2255 1162 2308 qua
1188 2307 1189 2310 Ἴ

229 2309 363 2378 proxIme
381 2307 583 2378 excipiuntur,
604 2325 654 2378 pro
673 2307 793 2362 secretis
812 2307 931 2362 canticis
951 2311 1069 2377 habeat,
1090 2309 1160 2362 illos

229 2373 324 2442 χορόν,
347 2378 419 2430 lianc
435 2373 648 2445 μονοστροφικὴν
664 2375 791 2442 περίοδον
807 2378 872 2442 (sic)
891 2379 1048 2446 appellans.
1084 2379 1161 2431 Pro·

228 2443 296 2499 inde
315 2461 331 2498 a
350 2446 462 2500 verbis:
479 2451 669 2518 I'ryvoplumrr
685 2443 753 2511 λάχη
772 2462 873 2500 novum
893 2448 1009 2501 chorum
1029 2445 1159 2515 incipere

230 2515 396 2571 arbitratur.
433 2516 509 2569 Huic
531 2516 639 2586 placito
659 2515 727 2581 quid
747 2515 810 2569 veri
837 2515 955 2568 subesse
974 2531 1101 2567 censeam
1122 2532 1159 2568 ex

230 2583 283 2649 iis,
303 2601 375 2650 quae
393 2585 523 2654 superIus
543 2604 571 2654 pa
590 2584 721 2638 LXXIII
739 2597 768 2637 et
786 2584 914 2639 LXXVI
936 2583 1034 2652 posui,
1055 2585 1157 2650 liquet.

230 2653 355 2723 Stropha
372 2665 456 2720 atque
473 2655 654 2724 antistropha
673 2655 760 2724 prima
776 2669 810 2707 ea
828 2654 962 2707 carmini:
982 2669 1047 2723 pars
1063 2652 1158 2707 conti-

229 2736 328 2789 netur,
366 2741 447 2790 quam
471 2725 591 2794 proprIe
617 2724 706 2778 solam
735 2734 813 2777 recte
842 2725 995 2793 hymnum
1023 2722 1159 2790 ligato·
1203 2743 1206 2748 ·

230 2793 316 2846 rium
335 2793 538 2864 appellaveris.
576 2791 645 2844 Cum
665 2795 716 2845 hac
733 2807 765 2850 re¹
779 2792 886 2861 optime
903 2792 1052 2858 congruit,
1072 2793 1158 2859 quod,

231 2877 314 2929 quum
333 2863 368 2914 de
387 2865 438 2928 iis,
475 2878 547 2930 quae
573 2863 717 2931 stropham
740 2863 890 2915 secundam
917 2862 1090 2930 praecedunt
1114 2860 1159 2914 sic

230 2943 364 2995 statuam,
401 2943 431 2986 ut
452 2942 618 3002 anapaestos
637 2947 653 2984 a
677 2929 800 2999 singulis
818 2931 907 2984 Ghori
934 2930 1066 2999 personis
1089 2946 1158 3000 pro-

231 3000 379 3055 nunciatus
398 3001 576 3064 existimem,
595 3001 739 3070 stropham
761 3017 830 3054 vero
848 3010 933 3066 atque
949 3000 1157 3068 antistropham

230 3071 348 3140 primam
363 3069 399 3123 ab
417 3071 592 3124 hernichoris
608 3080 742 3123 cantatam
758 3081 863 3137 putem,
882 3069 1019 3136 integrum
1034 3069 1157 3122 Chorum

229 3155 291 3194 cum
310 3138 383 3210 ipsis
403 3139 526 3193 verbist*
538 3142 727 3208 Γιγνομὲναισι
744 3137 810 3205 λάχη
827 3134 891 3191 roid'
911 3135 960 3207 ἐφ’
977 3136 1042 3205 ripis
1058 3133 1156 3202 ἐκράν-

228 3211 286 3274 θη,
319 3208 424 3275 quibus
447 3207 552 3262 Furiae
577 3220 768 3277 argumentum
794 3209 993 3280 praecedentis
1020 3207 1156 3263 antistro-

226 3279 300 3349 phae
319 3293 439 3332 nervose
460 3278 612 3332 absolvunt
629 3278 664 3330 ad
682 3278 761 3331 aliud
781 3277 968 3343 transiturae,
1003 3277 1090 3330 credo
1109 3293 1157 3330 ca-

227 3364 295 3406 nere
314 3347 459 3417 incipere,
479 3348 506 3401 in
527 3348 582 3400 hoc
599 3363 654 3400 uno
673 3345 816 3401 dissidens
834 3347 870 3410 ab
883 3348 1087 3412 Hermanno,
1106 3361 1162 3400 cu*

225 3420 272 3484 jus
299 3415 467 3470 sententiam
495 3414 627 3486 superius
651 3417 744 3471 adnot·
764 3417 799 3470 64
822 3417 995 3487 exscriptam
1020 3432 1055 3469 ne
1081 3415 1156 3469 inte-

226 3501 304 3556 gram
322 3501 409 3540 meam
428 3484 544 3554 faciam,
563 3484 722 3553 prohibeor
740 3496 796 3538 tum
813 3484 883 3538 aliis
902 3484 1027 3550 caussis,
1048 3495 1103 3540 tum
1123 3500 1158 3537 ea

133 3590 137 3598 v
227 3555 425 3624 dubitatione,
456 3571 537 3622 quam
557 3555 619 3624 ipse
636 3553 682 3608 uir
698 3570 818 3608 summus
842 3555 936 3608 altero
960 3554 1025 3608 Ioco
1049 3571 1157 3636 propo·

226 3625 300 3691 suit,
337 3635 434 3690 eteo,
468 3624 544 3694 quod
569 3622 645 3690 loci,
675 3626 765 3690 a'quo
783 3623 892 3676 demum
914 3637 1024 3677 cantum
1049 3623 1156 3692 integri
1219 3649 1221 3654 ·

224 3695 315 3749 Ghori
334 3693 464 3765 incipere
480 3695 653 3757 arbitratur,
682 3692 766 3746 aliam
787 3693 925 3748 rationem
949 3710 1014 3748 esse
1038 3709 1153 3760 censeo,

226 3781 308 3832 quam
328 3764 391 3832 ipse
408 3764 438 3819 In
456 3779 575 3818 censura
593 3781 621 3833 p.
641 3763 682 3818 ⁸74.

147 3837 193 3905 att)
228 3833 291 3889 Cir.
309 3834 360 3889 Vs.
378 3835 445 3898 339,
468 3833 519 3888 ubi
538 3832 666 3887 laciliori
686 3831 768 3886 etiam
786 3832 958 3896 mutatione,
981 3847 1062 3900 quarn
1080 3827 1159 3895 χροός

227 3910 287 3971 est,
308 3902 478 3973 scripseris:
506 3905 649 3967 sosarmo.
667 3899 743 3968 ἐστι).
762 3930 796 3944 -
832 3903 865 3956 In
882 3904 1073 3970 praecedente
1091 3917 1160 3953 ver-
1209 3921 1210 3926 ¹

225 3987 260 4027 su
286 3972 455 4042 particulam
478 3968 508 4026 dd
525 3972 673 4026 delendam
697 3987 776 4040 esse,
811 3981 1009 4042 praeterquam
1033 3969 1110 4048 quod
1132 3969 1158 4020 is

225 4040 407 4096 antecedenti
442 4041 619 4109 sententiae,
635 4041 750 4097 videtur
779 4041 929 4112 oppositus
958 4055 1037 4104 esse,
1073 4048 1158 4093 ettam

228 4111 295 4166 ideo
312 4109 402 4166 minus
419 4109 573 4180 probabile
588 4118 649 4177 cst,
666 4111 743 4179 quod
761 4117 820 4204 tum
834 4109 998 4166 uocabulum
1011 4102 1080 4175 λέχη
1096 4105 1157 4162 alio
