2796 4694
133 551 731 722 iiiiii.vitiihy's‘iampiii.
746 552 1100 716 tltt‘lltlat.
1115 569 1152 698 ιλ

133 721 344 804 natalesve
364 719 461 794 ξένοις
481 729 588 784 notet:
611 741 676 784 non
698 721 975 797 adhaerescentes,
996 722 1029 782 h.
1045 741 1073 785 c.
1096 718 1153 782 da·

134 807 209 884 diti,
230 806 426 892 peregrinis,
447 825 512 866 non
533 807 640 868 mites·
653 825 731 892 erga
753 805 906 889 hospites.
950 803 999 870 Cf.
1021 803 1152 866 similli-

134 911 221 952 mam
235 891 476 974 loquutionem:
498 887 686 969 προςτέτηιιά
699 913 768 968 τινι,
792 890 956 953 deditus
978 909 1059 950 sum
1077 887 1152 949 ali·

100 996 103 1002 ·
136 977 215 1038 cui.
258 973 342 1034 Puto
365 971 415 1034 his
435 973 585 1035 effectum
604 995 690 1049 esse,
720 983 757 1035 nt
777 979 949 1060 appareat,
978 991 1074 1056 quam
1095 990 1153 1054 pa-

134 1079 209 1122 rum
231 1065 306 1140 apte
327 1055 389 1117 hcc
409 1075 476 1118 uno
498 1057 572 1120 loco
595 1055 631 1120 οὐ
651 1059 814 1122 πλνοτοῒοι
829 1065 973 1122 vertant:
1003 1054 1152 1139 quibus

135 1141 480 1228 appropinquare
513 1160 593 1204 non
622 1142 735 1204 licet.
799 1143 1000 1225 Quamquam
1032 1148 1066 1202 ct
1095 1139 1154 1201 hic
1207 1135 1210 1146 “

135 1225 284 1306 fortassis
322 1226 357 1283 in
389 1225 549 1288 auxilium
577 1227 741 1290 vocabunt
764 1227 902 1290 verbum·
927 1221 1075 1298 πλάθειν,
1115 1229 1153 1306 nt

135 1311 245 1374 Prom.
267 1307 309 1373 V.
331 1309 409 1387 899,
431 1308 489 1370 nbi
510 1310 582 1373 cod.
604 1308 694 1374 Med.
717 1327 737 1371 a
757 1313 865 1393 prima
885 1327 983 1370 manu
1002 1305 1154 1382 πλαθείην

136 1395 252 1470 habet,
285 1389 478 1456 πλάθεσθνι.
547 1393 726 1474 Quaeritur
753 1402 880 1472 autem,
917 1388 997 1476 quid
1023 1392 1155 1454 valeam

136 1479 271 1542 flatus
299 1495 365 1538 non
393 1478 507 1553 ficti,
544 1480 602 1562 qni
629 1478 782 1558 Elmslejo
808 1475 849 1538 ad
874 1477 951 1539 Eur.
979 1473 1069 1539 Med.
1091 1474 1154 1540 lto

137 1562 311 1626 scribenti:
335 1557 370 1624 oti
391 1561 532 1624 alueolos
553 1585 587 1642 φ.
610 1560 697 1623 haud
718 1560 914 1626 videbantur
932 1557 1060 1621 ferendi
1074 1559 1153 1622 esse.

137 1647 321 1721 Passerius,
343 1647 379 1706 in
393 1646 473 1709 Lex.
497 1666 523 1710 s.
536 1664 566 1709 v.
588 1642 732 1720 alaerit,
755 1665 822 1707 non
842 1647 936 1708 fictos
956 1645 1051 1704 ilatus
1072 1639 1156 1702 dicit

138 1735 208 1794 esse
228 1730 355 1791 nafivos
374 1738 408 1792 et
427 1747 532 1794 veros.
576 1724 731 1793 Conferat
751 1730 871 1814 aliquis
884 1725 1154 1792 ommutesce

337 1809 418 1876 litat
438 1813 658 1894 πεπλασμένος·
825 1841 831 1854 ·

266 1898 283 1962 c‘
303 1895 436 1979 κόμπος,
460 1894 535 1959 ἀλλὰ
555 1900 613 1961 sai
629 1898 695 1960 λίαν
715 1895 882 1982 εἰρημένος.

139 1982 206 2050 Sed
231 1984 327 2061 haec,
362 1983 399 2042 ni
426 1982 541 2059 fallor,
570 1981 657 2044 nihil
684 1981 726 2046 ad
753 1993 899 2048 nostrum
928 1983 1047 2046 locum.
1091 1979 1155 2045 Cu-

138 2073 189 2151 jus
225 2067 373 2130 universi
409 2063 555 2127 indolem
591 2068 751 2149 spectanti
789 2068 852 2132 hoc
889 2067 973 2130 mihi
1003 2067 1156 2149 Pythiam

140 2153 304 2216 dicentem
337 2151 452 2213 fecisse
485 2159 580 2231 poeta
617 2149 765 2216 videtur:
802 2159 991 2215 stertunt
1023 2159 1156 2212 autam

139 2234 341 2314 flatibus,
360 2254 461 2316 quos
482 2254 556 2318 ego
578 2236 620 2296 iu
642 2236 897 2322 imaginibus
919 2234 1157 2321 Gorgonum

140 2338 219 2385 uon
244 2319 419 2401 repperi
445 2319 589 2382 fictos.
633 2317 824 2382 Tenendum
846 2323 983 2404 qnippe,
1004 2316 1158 2380 sacerdo·

140 2408 184 2469 tis
212 2403 321 2466 animo
350 2401 430 2463 haec
458 2397 597 2464 dicentis
623 2401 791 2465 obversari
818 2402 1008 2490 Gorgonum
1036 2401 1158 2493 figuras

140 2491 177 2553 in
198 2489 279 2562 artis
301 2486 454 2570 operibns
475 2503 649 2566 expressas.
693 2485 792 2548 Haud
812 2507 913 2571 aeque
934 2485 1056 2570 placet,
1078 2484 1110 2545 h.
1132 2484 1156 2546 l.

142 2571 177 2638 οἰ
219 2570 381 2634 πλαστοῖσι
422 2566 611 2650 φυσιάμασιν
647 2565 802 2633 reddere:
851 2570 1046 2645 flatibus,
1087 2569 1157 2650 qui

140 2659 252 2745 fingi
273 2675 351 2717 non
372 2663 557 2754 possunt,
580 2661 618 2714 ut
629 2651 808 2742 Goettling.
825 2654 866 2717 ad
879 2649 1015 2717 Hesiod.
1030 2649 1157 2734 Theop.

142 2745 215 2810 151.
257 2737 342 2822 εἴρας
363 2733 534 2818 απλάστους
552 2735 636 2800 dicit
657 2739 868 2802 informes.

224 2763 316 2906 {aas
336 2820 370 2882 in
396 2819 617 2906 descriptione
636 2821 807 2883 Furiarum
829 2845 848 2886 a
868 2819 1039 2887 sacerdote
1062 2837 1159 2905 prae-

143 2911 296 2975 dicantur
316 2905 373 2970 Vs.
394 2905 453 2985 54,
481 2908 517 2967 in
545 2907 587 2968 iis
608 2924 706 2988 quum
733 2906 844 2969 ultimi
863 2906 958 2972 verbi
981 2915 1095 2989 aperta
1115 2906 1160 2966 sit

99 3057 101 3064 ,
144 2993 350 3078 depravatio,
382 2989 433 3051 ele
455 2992 659 3070 antissimum
688 3000 736 3052 est
762 2991 849 3074 apud
869 2992 1077 3092 Burgessium
1107 2990 1160 3049 iu-

142 3089 275 3146 venmm
297 3074 378 3155 λίβα.
484 3074 531 3134 cit
556 3071 643 3134 illud
664 3077 839 3137 maximam
859 3095 1000 3158 speciem
1022 3093 1097 3156 cnm
1117 3071 1160 3134 ab

143 3157 354 3228 antecedente
380 3155 533 3236 λείβουσι,
569 3166 639 3218 tum
668 3177 686 3219 e
714 3160 850 3222 scholiis
877 3179 952 3222 cnm
978 3159 1161 3244 lexicogra-

143 3250 285 3332 phorum
307 3242 422 3330 glossis
445 3242 651 3324 comparatis.
693 3237 806 3307 Schol.
823 3242 861 3310 A.
884 3240 926 3306 ad
946 3241 1058 3306 Vssdd
1079 3240 1161 3303 haec

144 3329 336 3412 adscripsit:
368 3325 528 3405 Δυςφιλῆ,
552 3321 617 3386 οἷον
637 3325 845 3411 αἱματηράν,
868 3347 950 3412 quae
970 3345 1040 3403 res,
1061 3344 1162 3406 quum

145 3415 262 3479 doceat
295 3411 386 3492 cnjus
421 3411 554 3497 generis·
580 3407 716 3471 verbum
753 3419 828 3474 ante
860 3409 974 3476 oculos
1010 3409 1164 3480 habuerat

145 3499 354 3605 scholiastes,
374 3493 428 3595 rel
446 3495 517 3594 sola
538 3491 718 3576 prohibero
735 3491 873 3558 debebat
891 3493 1088 3571 Heathium,
1121 3515 1163 3566 no

146 3573 1037 3744 t.‘ttttttttlltttlttltltilt?..t
1057 3577 1164 3750 iiii:

148 3759 246 3812 nent:
286 3743 346 3810 siud
373 3741 434 3830 μὰρ
468 3741 608 3826 ὀμμάτων
640 3742 738 3807 αὐτοῖν
768 3747 902 3827 λείβουσι
940 3749 1165 3832 σταλαγμὸν

150 3827 328 3916 αἲματηρόν.
391 3831 465 3894 Jam
498 3835 557 3893 cfr.
588 3830 646 3891 has
676 3829 837 3912 Hesychii
864 3834 1002 3920 glossas:
1043 3836 1161 3916 Λείβοι,

150 3919 286 3989 σπένδω,
317 3912 428 3988 στάζον.
471 3910 617 3996 Atetta,
651 3912 791 3996 σταγόνα.
842 3913 1007 3999 Λιβάσοιν,
1038 3916 1160 3992 στάξαι.

147 4000 272 4086 Assae,
294 3997 398 4079 πηγή,
423 3997 548 4080 σταγών.
593 3995 705 4062 Schol.
728 3997 769 4060 ad
791 3999 877 4067 Pers.
900 4003 978 4067 6⁰5:
1009 3999 1162 4089 Λιράσιν)

149 4084 341 4172 σταλαγμοῖς.
363 4121 405 4135 -
451 4083 588 4150 Interim
616 4103 684 4148 non
709 4101 858 4168 possum,
890 4087 970 4170 qnia
996 4087 1163 4158 subortam
