<?xml version="1.0" encoding="UTF-8"?>
<!DOCTYPE html PUBLIC "-//W3C//DTD XHTML 1.0 Transitional//EN"
    "http://www.w3.org/TR/xhtml1/DTD/xhtml1-transitional.dtd">
<html xmlns="http://www.w3.org/1999/xhtml" xml:lang="en" lang="en">
 <head>
  <title>
</title>
<meta http-equiv="Content-Type" content="text/html;charset=utf-8" />
  <meta name='ocr-system' content='tesseract 3.04.00' />
  <meta name='ocr-capabilities' content='ocr_page ocr_carea ocr_par ocr_line ocrx_word'/>
</head>
<body>
  <div class='ocr_page' id='page_1' title='image "./conjectaneainae00wiesgoog_0428.png"; bbox 0 0 2652 4688; ppageno 0'>
   <div class='ocr_carea' id='block_1_1' title="bbox 1016 319 1093 404">
    <p class='ocr_par' dir='ltr' id='par_1_1' title="bbox 1016 319 1093 404">
     <span class='ocr_line' id='line_1_1' title="bbox 1016 319 1093 404; baseline -0.052 0"><span class='ocrx_word' id='word_1_1' title='bbox 1016 319 1093 404; x_wconf 74' lang='lat' dir='ltr'><strong>tte</strong></span> 
     </span>
    </p>
   </div>
   <div class='ocr_carea' id='block_1_2' title="bbox 76 497 1119 4024">
    <p class='ocr_par' dir='ltr' id='par_1_2' title="bbox 84 497 1104 1738">
     <span class='ocr_line' id='line_1_2' title="bbox 89 497 1093 577; baseline -0.007 -11"><span class='ocrx_word' id='word_1_2' title='bbox 89 500 287 566; x_wconf 84' lang='lat' dir='ltr'><strong>describenda</strong></span> <span class='ocrx_word' id='word_1_3' title='bbox 316 509 428 564; x_wconf 83' lang='lat' dir='ltr'><strong>essent·</strong></span> <span class='ocrx_word' id='word_1_4' title='bbox 447 501 648 577; x_wconf 72' lang='lat' dir='ltr'><strong>ascissens,</strong></span> <span class='ocrx_word' id='word_1_5' title='bbox 661 499 845 562; x_wconf 38' lang='lat' dir='ltr'><strong>‘&#39;etiamode</strong></span> <span class='ocrx_word' id='word_1_6' title='bbox 862 497 1093 573; x_wconf 63' lang='lat' dir='ltr'><strong>bremenses.</strong></span> 
     </span>
     <span class='ocr_line' id='line_1_3' title="bbox 90 584 1094 666; baseline -0.008 -16"><span class='ocrx_word' id='word_1_7' title='bbox 90 598 151 666; x_wconf 83' lang='lat' dir='ltr'><strong>set,</strong></span> <span class='ocrx_word' id='word_1_8' title='bbox 170 593 203 648; x_wconf 85' lang='lat' dir='ltr'><strong>st</strong></span> <span class='ocrx_word' id='word_1_9' title='bbox 224 588 337 664; x_wconf 81' lang='lat' dir='ltr'><strong>sinml,</strong></span> <span class='ocrx_word' id='word_1_10' title='bbox 358 603 422 666; x_wconf 86' lang='lat' dir='ltr'><strong>quo</strong></span> <span class='ocrx_word' id='word_1_11' title='bbox 444 586 521 661; x_wconf 88' lang='lat' dir='ltr'><strong>jure.</strong></span> <span class='ocrx_word' id='word_1_12' title='bbox 536 585 658 644; x_wconf 80' lang='lat' dir='ltr'><strong>ibidem</strong></span> <span class='ocrx_word' id='word_1_13' title='bbox 678 584 824 654; x_wconf 70' lang='lat' dir='ltr'><strong>denseo</strong></span> <span class='ocrx_word' id='word_1_14' title='bbox 837 586 1094 664; x_wconf 64' lang='lat' dir='ltr'><strong>Erinnyumrnos</strong></span> 
     </span>
     <span class='ocr_line' id='line_1_4' title="bbox 89 667 1095 746; baseline -0.005 -14"><span class='ocrx_word' id='word_1_15' title='bbox 89 675 167 732; x_wconf 82' lang='lat' dir='ltr'><strong>mine</strong></span> <span class='ocrx_word' id='word_1_16' title='bbox 204 682 387 732; x_wconf 78' lang='lat' dir='ltr'><strong>sonnonem</strong></span> <span class='ocrx_word' id='word_1_17' title='bbox 424 668 524 728; x_wconf 80' lang='lat' dir='ltr'><strong>fnisse</strong></span> <span class='ocrx_word' id='word_1_18' title='bbox 548 670 822 746; x_wconf 65' lang='lat' dir='ltr'><strong>.conjeeerimus,&#39;·</strong></span> <span class='ocrx_word' id='word_1_19' title='bbox 838 667 917 731; x_wconf 67' lang='lat' dir='ltr'><strong>‘dem</strong></span> <span class='ocrx_word' id='word_1_20' title='bbox 936 669 1014 730; x_wconf 77' lang='lat' dir='ltr'><strong>&#39;hac</strong></span> <span class='ocrx_word' id='word_1_21' title='bbox 1030 685 1095 729; x_wconf 79' lang='lat' dir='ltr'><strong>¹res</strong></span> 
     </span>
     <span class='ocr_line' id='line_1_5' title="bbox 89 751 1094 840; baseline -0.007 -24"><span class='ocrx_word' id='word_1_22' title='bbox 89 757 178 818; x_wconf 82' lang='lat' dir='ltr'><strong>etiam</strong></span> <span class='ocrx_word' id='word_1_23' title='bbox 193 753 415 840; x_wconf 75' lang='lat' dir='ltr'><strong>grammaticis</strong></span> <span class='ocrx_word' id='word_1_24' title='bbox 431 751 766 815; x_wconf 71' lang='lat' dir='ltr'><strong>testibusarstissime</strong></span> <span class='ocrx_word' id='word_1_25' title='bbox 777 756 981 833; x_wconf 68' lang='lat' dir='ltr'><strong>‘conjunctae</strong></span> <span class='ocrx_word' id='word_1_26' title='bbox 993 765 1094 812; x_wconf 72' lang='lat' dir='ltr'><strong>erant</strong></span> 
     </span>
     <span class='ocr_line' id='line_1_6' title="bbox 87 833 1097 924; baseline -0.004 -26"><span class='ocrx_word' id='word_1_27' title='bbox 87 838 182 924; x_wconf 81' lang='lat' dir='ltr'><strong>Ergo,</strong></span> <span class='ocrx_word' id='word_1_28' title='bbox 223 845 263 898; x_wconf 87' lang='lat' dir='ltr'><strong>ut</strong></span> <span class='ocrx_word' id='word_1_29' title='bbox 296 837 408 919; x_wconf 70' lang='lat' dir='ltr'><strong>paucis</strong></span> <span class='ocrx_word' id='word_1_30' title='bbox 442 833 713 915; x_wconf 80' lang='lat' dir='ltr'><strong>cosuprehendem</strong></span> <span class='ocrx_word' id='word_1_31' title='bbox 750 835 1004 918; x_wconf 81' lang='lat' dir='ltr'><strong>quod···sentio,·</strong></span> <span class='ocrx_word' id='word_1_32' title='bbox 1020 835 1097 897; x_wconf 79' lang='lat' dir='ltr'><strong>··ri·</strong></span> 
     </span>
     <span class='ocr_line' id='line_1_7' title="bbox 88 917 1099 1000; baseline -0.004 -19"><span class='ocrx_word' id='word_1_33' title='bbox 88 919 177 982; x_wconf 84' lang='lat' dir='ltr'><strong>detur</strong></span> <span class='ocrx_word' id='word_1_34' title='bbox 196 919 349 984; x_wconf 82' lang='lat' dir='ltr'><strong>Minerva</strong></span> <span class='ocrx_word' id='word_1_35' title='bbox 370 921 407 980; x_wconf 83' lang='lat' dir='ltr'><strong>in</strong></span> <span class='ocrx_word' id='word_1_36' title='bbox 435 919 496 995; x_wconf 92' lang='lat' dir='ltr'><strong>iis,</strong></span> <span class='ocrx_word' id='word_1_37' title='bbox 515 949 518 956; x_wconf 92' lang='lat'>·</span> <span class='ocrx_word' id='word_1_38' title='bbox 538 939 635 1000; x_wconf 52' lang='lat' dir='ltr'><strong>qnae*</strong></span> <span class='ocrx_word' id='word_1_39' title='bbox 652 919 906 998; x_wconf 79' lang='lat' dir='ltr'><strong>interciderunt,</strong></span> <span class='ocrx_word' id='word_1_40' title='bbox 949 918 1027 979; x_wconf 88' lang='lat' dir='ltr'><strong>dum</strong></span> <span class='ocrx_word' id='word_1_41' title='bbox 1056 917 1099 978; x_wconf 77' lang='lat' dir='ltr'><strong>de</strong></span> 
     </span>
     <span class='ocr_line' id='line_1_8' title="bbox 87 1001 1099 1086; baseline -0.004 -21"><span class='ocrx_word' id='word_1_42' title='bbox 87 1024 197 1086; x_wconf 89' lang='lat' dir='ltr'><strong>pompa</strong></span> <span class='ocrx_word' id='word_1_43' title='bbox 220 1001 364 1081; x_wconf 81' lang='lat' dir='ltr'><strong>dicebat,</strong></span> <span class='ocrx_word' id='word_1_44' title='bbox 390 1003 517 1064; x_wconf 86' lang='lat' dir='ltr'><strong>Orestis</strong></span> <span class='ocrx_word' id='word_1_45' title='bbox 535 1003 641 1074; x_wconf 84' lang='lat' dir='ltr'><strong>denuo</strong></span> <span class='ocrx_word' id='word_1_46' title='bbox 654 1005 816 1064; x_wconf 72' lang='lat' dir='ltr'><strong>›oahssntm</strong></span> <span class='ocrx_word' id='word_1_47' title='bbox 827 1005 1020 1080; x_wconf 77' lang='lat' dir='ltr'><strong>suscepisse,</strong></span> <span class='ocrx_word' id='word_1_48' title='bbox 1034 1027 1037 1035; x_wconf 58' lang='lat'><strong>⁴</strong></span> <span class='ocrx_word' id='word_1_49' title='bbox 1051 1004 1099 1062; x_wconf 83' lang='lat' dir='ltr'><strong>ite</strong></span> 
     </span>
     <span class='ocr_line' id='line_1_9' title="bbox 88 1086 1098 1168; baseline -0.004 -21"><span class='ocrx_word' id='word_1_50' title='bbox 88 1086 230 1168; x_wconf 92' lang='lat' dir='ltr'><strong>quidem,</strong></span> <span class='ocrx_word' id='word_1_51' title='bbox 251 1097 290 1149; x_wconf 89' lang='lat' dir='ltr'><strong>ut</strong></span> <span class='ocrx_word' id='word_1_52' title='bbox 309 1087 422 1147; x_wconf 87' lang='lat' dir='ltr'><strong>Furias</strong></span> <span class='ocrx_word' id='word_1_53' title='bbox 445 1087 645 1163; x_wconf 78' lang='lat' dir='ltr'><strong>hortaretur,</strong></span> <span class='ocrx_word' id='word_1_54' title='bbox 666 1094 703 1148; x_wconf 88' lang='lat' dir='ltr'><strong>ut</strong></span> <span class='ocrx_word' id='word_1_55' title='bbox 725 1089 823 1148; x_wconf 85' lang='lat' dir='ltr'><strong>etiam</strong></span> <span class='ocrx_word' id='word_1_56' title='bbox 845 1087 922 1148; x_wconf 88' lang='lat' dir='ltr'><strong>huie</strong></span> <span class='ocrx_word' id='word_1_57' title='bbox 944 1105 1010 1146; x_wconf 93' lang='lat' dir='ltr'><strong>non</strong></span> <span class='ocrx_word' id='word_1_58' title='bbox 1032 1104 1098 1144; x_wconf 89' lang='lat' dir='ltr'><strong>am-</strong></span> 
     </span>
     <span class='ocr_line' id='line_1_10' title="bbox 84 1169 1100 1253; baseline -0.003 -23"><span class='ocrx_word' id='word_1_59' title='bbox 84 1173 168 1253; x_wconf 87' lang='lat' dir='ltr'><strong>plius</strong></span> <span class='ocrx_word' id='word_1_60' title='bbox 189 1172 425 1247; x_wconf 82' lang='lat' dir='ltr'><strong>irascerentur,</strong></span> <span class='ocrx_word' id='word_1_61' title='bbox 454 1179 550 1251; x_wconf 89' lang='lat' dir='ltr'><strong>atque</strong></span> <span class='ocrx_word' id='word_1_62' title='bbox 570 1181 645 1250; x_wconf 87' lang='lat' dir='ltr'><strong>post</strong></span> <span class='ocrx_word' id='word_1_63' title='bbox 664 1171 718 1232; x_wconf 72' lang='lat' dir='ltr'><strong>vel</strong></span> <span class='ocrx_word' id='word_1_64' title='bbox 739 1173 827 1231; x_wconf 90' lang='lat' dir='ltr'><strong>inter</strong></span> <span class='ocrx_word' id='word_1_65' title='bbox 847 1191 884 1232; x_wconf 85' lang='lat' dir='ltr'><strong>ea</strong></span> <span class='ocrx_word' id='word_1_66' title='bbox 905 1169 1022 1243; x_wconf 84' lang='lat' dir='ltr'><strong>verba,</strong></span> <span class='ocrx_word' id='word_1_67' title='bbox 1050 1171 1100 1228; x_wconf 89' lang='lat' dir='ltr'><strong>in-</strong></span> 
     </span>
     <span class='ocr_line' id='line_1_11' title="bbox 88 1254 1101 1338; baseline -0.003 -23"><span class='ocrx_word' id='word_1_68' title='bbox 88 1263 207 1316; x_wconf 86' lang='lat' dir='ltr'><strong>certum</strong></span> <span class='ocrx_word' id='word_1_69' title='bbox 229 1274 292 1338; x_wconf 88' lang='lat' dir='ltr'><strong>qua</strong></span> <span class='ocrx_word' id='word_1_70' title='bbox 313 1256 461 1331; x_wconf 88' lang='lat' dir='ltr'><strong>ratione,</strong></span> <span class='ocrx_word' id='word_1_71' title='bbox 474 1274 551 1315; x_wconf 86' lang='lat' dir='ltr'><strong>non</strong></span> <span class='ocrx_word' id='word_1_72' title='bbox 575 1263 683 1314; x_wconf 84' lang='lat' dir='ltr'><strong>temen</strong></span> <span class='ocrx_word' id='word_1_73' title='bbox 707 1264 858 1335; x_wconf 87' lang='lat' dir='ltr'><strong>tanquam</strong></span> <span class='ocrx_word' id='word_1_74' title='bbox 879 1275 938 1337; x_wconf 87' lang='lat' dir='ltr'><strong>per</strong></span> <span class='ocrx_word' id='word_1_75' title='bbox 959 1254 1101 1314; x_wconf 83' lang='lat' dir='ltr'><strong>occasio-</strong></span> 
     </span>
     <span class='ocr_line' id='line_1_12' title="bbox 88 1335 1101 1421; baseline -0.005 -22"><span class='ocrx_word' id='word_1_76' title='bbox 88 1359 167 1416; x_wconf 88' lang='lat' dir='ltr'><strong>nem,</strong></span> <span class='ocrx_word' id='word_1_77' title='bbox 188 1337 245 1401; x_wconf 87' lang='lat' dir='ltr'><strong>sed</strong></span> <span class='ocrx_word' id='word_1_78' title='bbox 266 1340 314 1400; x_wconf 88' lang='lat' dir='ltr'><strong>ita</strong></span> <span class='ocrx_word' id='word_1_79' title='bbox 334 1345 371 1398; x_wconf 88' lang='lat' dir='ltr'><strong>ut</strong></span> <span class='ocrx_word' id='word_1_80' title='bbox 391 1358 491 1400; x_wconf 86' lang='lat' dir='ltr'><strong>nexus</strong></span> <span class='ocrx_word' id='word_1_81' title='bbox 511 1335 643 1420; x_wconf 83' lang='lat' dir='ltr'><strong>quidem</strong></span> <span class='ocrx_word' id='word_1_82' title='bbox 665 1338 754 1402; x_wconf 85' lang='lat' dir='ltr'><strong>inter</strong></span> <span class='ocrx_word' id='word_1_83' title='bbox 772 1347 944 1421; x_wconf 81' lang='lat' dir='ltr'><strong>utramque</strong></span> <span class='ocrx_word' id='word_1_84' title='bbox 960 1357 1031 1398; x_wconf 89' lang='lat' dir='ltr'><strong>rem</strong></span> <span class='ocrx_word' id='word_1_85' title='bbox 1052 1338 1101 1396; x_wconf 88' lang='lat' dir='ltr'><strong>in-</strong></span> 
     </span>
     <span class='ocr_line' id='line_1_13' title="bbox 87 1419 1104 1506; baseline -0.004 -23"><span class='ocrx_word' id='word_1_86' title='bbox 87 1419 281 1501; x_wconf 86' lang='lat' dir='ltr'><strong>tercederet,</strong></span> <span class='ocrx_word' id='word_1_87' title='bbox 320 1423 409 1484; x_wconf 87' lang='lat' dir='ltr'><strong>hisce</strong></span> <span class='ocrx_word' id='word_1_88' title='bbox 429 1420 642 1482; x_wconf 80' lang='lat' dir='ltr'><strong>Eumenidum</strong></span> <span class='ocrx_word' id='word_1_89' title='bbox 675 1441 791 1484; x_wconf 89' lang='lat' dir='ltr'><strong>nomen</strong></span> <span class='ocrx_word' id='word_1_90' title='bbox 819 1424 1030 1506; x_wconf 84' lang='lat' dir='ltr'><strong>imposuisse,</strong></span> <span class='ocrx_word' id='word_1_91' title='bbox 1071 1427 1104 1480; x_wconf 87' lang='lat' dir='ltr'><strong>et</strong></span> 
     </span>
     <span class='ocr_line' id='line_1_14' title="bbox 87 1503 1103 1586; baseline -0.001 -21"><span class='ocrx_word' id='word_1_92' title='bbox 87 1503 202 1569; x_wconf 91' lang='lat' dir='ltr'><strong>deinde</strong></span> <span class='ocrx_word' id='word_1_93' title='bbox 223 1509 305 1571; x_wconf 90' lang='lat' dir='ltr'><strong>viris</strong></span> <span class='ocrx_word' id='word_1_94' title='bbox 320 1505 590 1583; x_wconf 77' lang='lat' dir='ltr'><strong>Atheniensibus,</strong></span> <span class='ocrx_word' id='word_1_95' title='bbox 612 1507 669 1584; x_wconf 80' lang='lat' dir='ltr'><strong>qni</strong></span> <span class='ocrx_word' id='word_1_96' title='bbox 690 1516 785 1568; x_wconf 83' lang='lat' dir='ltr'><strong>autea</strong></span> <span class='ocrx_word' id='word_1_97' title='bbox 804 1505 949 1586; x_wconf 87' lang='lat' dir='ltr'><strong>judicum</strong></span> <span class='ocrx_word' id='word_1_98' title='bbox 969 1523 1103 1566; x_wconf 89' lang='lat' dir='ltr'><strong>munere</strong></span> 
     </span>
     <span class='ocr_line' id='line_1_15' title="bbox 87 1587 1103 1668; baseline -0.002 -19"><span class='ocrx_word' id='word_1_99' title='bbox 87 1592 188 1652; x_wconf 86' lang='lat' dir='ltr'><strong>functi</strong></span> <span class='ocrx_word' id='word_1_100' title='bbox 211 1599 321 1668; x_wconf 87' lang='lat' dir='ltr'><strong>erant,</strong></span> <span class='ocrx_word' id='word_1_101' title='bbox 360 1587 546 1666; x_wconf 83' lang='lat' dir='ltr'><strong>mandasse,</strong></span> <span class='ocrx_word' id='word_1_102' title='bbox 582 1590 737 1650; x_wconf 89' lang='lat' dir='ltr'><strong>utillum</strong></span> <span class='ocrx_word' id='word_1_103' title='bbox 759 1591 911 1654; x_wconf 88' lang='lat' dir='ltr'><strong>infinem</strong></span> <span class='ocrx_word' id='word_1_104' title='bbox 933 1591 1103 1653; x_wconf 85' lang='lat' dir='ltr'><strong>deascum</strong></span> 
     </span>
     <span class='ocr_line' id='line_1_16' title="bbox 87 1672 1010 1738; baseline 0.001 -4"><span class='ocrx_word' id='word_1_105' title='bbox 87 1674 160 1738; x_wconf 87' lang='lat' dir='ltr'><strong>aliis</strong></span> <span class='ocrx_word' id='word_1_106' title='bbox 179 1685 249 1737; x_wconf 87' lang='lat' dir='ltr'><strong>tum</strong></span> <span class='ocrx_word' id='word_1_107' title='bbox 270 1673 433 1736; x_wconf 84' lang='lat' dir='ltr'><strong>sacrificio</strong></span> <span class='ocrx_word' id='word_1_108' title='bbox 455 1673 566 1735; x_wconf 88' lang='lat' dir='ltr'><strong>oblato</strong></span> <span class='ocrx_word' id='word_1_109' title='bbox 587 1672 798 1735; x_wconf 84' lang='lat' dir='ltr'><strong>honorarent.</strong></span> <span class='ocrx_word' id='word_1_110' title='bbox 1007 1679 1010 1684; x_wconf 87' lang='lat'>&#39;</span> 
     </span>
    </p>

    <p class='ocr_par' dir='ltr' id='par_1_3' title="bbox 76 1757 1119 4024">
     <span class='ocr_line' id='line_1_17' title="bbox 166 1757 1105 1840; baseline 0 -20"><span class='ocrx_word' id='word_1_111' title='bbox 166 1761 208 1821; x_wconf 90' lang='lat' dir='ltr'><strong>Et</strong></span> <span class='ocrx_word' id='word_1_112' title='bbox 228 1759 308 1820; x_wconf 89' lang='lat' dir='ltr'><strong>haec</strong></span> <span class='ocrx_word' id='word_1_113' title='bbox 328 1761 398 1819; x_wconf 81' lang='lat' dir='ltr'><strong>lero</strong></span> <span class='ocrx_word' id='word_1_114' title='bbox 418 1765 495 1818; x_wconf 88' lang='lat' dir='ltr'><strong>sunt</strong></span> <span class='ocrx_word' id='word_1_115' title='bbox 513 1775 595 1838; x_wconf 82' lang='lat' dir='ltr'><strong>quse</strong></span> <span class='ocrx_word' id='word_1_116' title='bbox 616 1757 675 1818; x_wconf 90' lang='lat' dir='ltr'><strong>sub</strong></span> <span class='ocrx_word' id='word_1_117' title='bbox 697 1760 804 1840; x_wconf 91' lang='lat' dir='ltr'><strong>ipsum</strong></span> <span class='ocrx_word' id='word_1_118' title='bbox 823 1759 921 1820; x_wconf 89' lang='lat' dir='ltr'><strong>finem</strong></span> <span class='ocrx_word' id='word_1_119' title='bbox 944 1760 1105 1820; x_wconf 87' lang='lat' dir='ltr'><strong>orationis</strong></span> 
     </span>
     <span class='ocr_line' id='line_1_18' title="bbox 86 1840 1105 1925; baseline -0.003 -19"><span class='ocrx_word' id='word_1_120' title='bbox 86 1843 256 1908; x_wconf 85' lang='lat' dir='ltr'><strong>Minervas</strong></span> <span class='ocrx_word' id='word_1_121' title='bbox 283 1840 375 1921; x_wconf 81' lang='lat' dir='ltr'><strong>dicta</strong></span> <span class='ocrx_word' id='word_1_122' title='bbox 403 1849 563 1922; x_wconf 86' lang='lat' dir='ltr'><strong>putamus.</strong></span> <span class='ocrx_word' id='word_1_123' title='bbox 606 1840 696 1903; x_wconf 91' lang='lat' dir='ltr'><strong>Num</strong></span> <span class='ocrx_word' id='word_1_124' title='bbox 725 1859 804 1904; x_wconf 85' lang='lat' dir='ltr'><strong>vero</strong></span> <span class='ocrx_word' id='word_1_125' title='bbox 832 1849 928 1914; x_wconf 81' lang='lat' dir='ltr'><strong>antea</strong></span> <span class='ocrx_word' id='word_1_126' title='bbox 956 1842 1105 1925; x_wconf 84' lang='lat' dir='ltr'><strong>pluribus</strong></span> 
     </span>
     <span class='ocr_line' id='line_1_19' title="bbox 86 1923 1107 2008; baseline -0.003 -19"><span class='ocrx_word' id='word_1_127' title='bbox 86 1937 120 1989; x_wconf 87' lang='lat' dir='ltr'><strong>et</strong></span> <span class='ocrx_word' id='word_1_128' title='bbox 147 1927 187 1988; x_wconf 91' lang='lat' dir='ltr'><strong>de</strong></span> <span class='ocrx_word' id='word_1_129' title='bbox 216 1926 362 2008; x_wconf 69' lang='lat' dir='ltr'><strong>reliquis¹</strong></span> <span class='ocrx_word' id='word_1_130' title='bbox 382 1925 489 1986; x_wconf 87' lang='lat' dir='ltr'><strong>cultus</strong></span> <span class='ocrx_word' id='word_1_131' title='bbox 510 1923 725 1987; x_wconf 87' lang='lat' dir='ltr'><strong>Eumenidum</strong></span> <span class='ocrx_word' id='word_1_132' title='bbox 753 1927 901 2008; x_wconf 87' lang='lat' dir='ltr'><strong>pertibus</strong></span> <span class='ocrx_word' id='word_1_133' title='bbox 928 1926 1022 1988; x_wconf 87' lang='lat' dir='ltr'><strong>etde</strong></span> <span class='ocrx_word' id='word_1_134' title='bbox 1044 1926 1107 1987; x_wconf 91' lang='lat' dir='ltr'><strong>hoc</strong></span> 
     </span>
     <span class='ocr_line' id='line_1_20' title="bbox 86 2007 1106 2090; baseline -0.004 -16"><span class='ocrx_word' id='word_1_135' title='bbox 86 2013 184 2074; x_wconf 87' lang='lat' dir='ltr'><strong>etiam</strong></span> <span class='ocrx_word' id='word_1_136' title='bbox 213 2015 249 2072; x_wconf 90' lang='lat' dir='ltr'><strong>in</strong></span> <span class='ocrx_word' id='word_1_137' title='bbox 282 2017 448 2090; x_wconf 86' lang='lat' dir='ltr'><strong>posterum</strong></span> <span class='ocrx_word' id='word_1_138' title='bbox 478 2007 599 2070; x_wconf 84' lang='lat' dir='ltr'><strong>deabus</strong></span> <span class='ocrx_word' id='word_1_139' title='bbox 634 2008 810 2071; x_wconf 90' lang='lat' dir='ltr'><strong>tribuendo</strong></span> <span class='ocrx_word' id='word_1_140' title='bbox 847 2029 954 2072; x_wconf 87' lang='lat' dir='ltr'><strong>sermo</strong></span> <span class='ocrx_word' id='word_1_141' title='bbox 989 2014 1106 2085; x_wconf 81' lang='lat' dir='ltr'><strong>iuerat,</strong></span> 
     </span>
     <span class='ocr_line' id='line_1_21' title="bbox 83 2094 1107 2176; baseline 0.002 -20"><span class='ocrx_word' id='word_1_142' title='bbox 83 2104 123 2156; x_wconf 88' lang='lat' dir='ltr'><strong>ut</strong></span> <span class='ocrx_word' id='word_1_143' title='bbox 141 2095 341 2157; x_wconf 84' lang='lat' dir='ltr'><strong>Fritaschius</strong></span> <span class='ocrx_word' id='word_1_144' title='bbox 362 2112 403 2154; x_wconf 87' lang='lat' dir='ltr'><strong>au</strong></span> <span class='ocrx_word' id='word_1_145' title='bbox 426 2101 543 2152; x_wconf 86' lang='lat' dir='ltr'><strong>uratur</strong></span> <span class='ocrx_word' id='word_1_146' title='bbox 564 2094 599 2154; x_wconf 90' lang='lat' dir='ltr'><strong>in</strong></span> <span class='ocrx_word' id='word_1_147' title='bbox 620 2095 681 2170; x_wconf 87' lang='lat' dir='ltr'><strong>iis,</strong></span> <span class='ocrx_word' id='word_1_148' title='bbox 714 2113 796 2174; x_wconf 82' lang='lat' dir='ltr'><strong>quae</strong></span> <span class='ocrx_word' id='word_1_149' title='bbox 816 2099 965 2176; x_wconf 88' lang='lat' dir='ltr'><strong>superius</strong></span> <span class='ocrx_word' id='word_1_150' title='bbox 991 2114 1022 2175; x_wconf 89' lang='lat' dir='ltr'><strong>p.</strong></span> <span class='ocrx_word' id='word_1_151' title='bbox 1047 2097 1107 2158; x_wconf 86' lang='lat'><strong>195</strong></span> 
     </span>
     <span class='ocr_line' id='line_1_22' title="bbox 86 2111 1107 2261; baseline 0 -20"><span class='ocrx_word' id='word_1_152' title='bbox 86 2189 119 2242; x_wconf 87' lang='lat' dir='ltr'><strong>et</strong></span> <span class='ocrx_word' id='word_1_153' title='bbox 139 2200 186 2261; x_wconf 93' lang='lat' dir='ltr'><strong>sq.</strong></span> <span class='ocrx_word' id='word_1_154' title='bbox 217 2187 300 2241; x_wconf 84' lang='lat' dir='ltr'><strong>extr.</strong></span> <span class='ocrx_word' id='word_1_155' title='bbox 334 2111 562 2238; x_wconf 71' lang='lat' dir='ltr'><strong>exhihuimns?</strong></span> <span class='ocrx_word' id='word_1_156' title='bbox 613 2176 691 2237; x_wconf 91' lang='lat' dir='ltr'><strong>Non</strong></span> <span class='ocrx_word' id='word_1_157' title='bbox 722 2179 852 2259; x_wconf 90' lang='lat' dir='ltr'><strong>opinor.</strong></span> <span class='ocrx_word' id='word_1_158' title='bbox 905 2180 989 2241; x_wconf 83' lang='lat' dir='ltr'><strong>Nem</strong></span> <span class='ocrx_word' id='word_1_159' title='bbox 1025 2199 1107 2260; x_wconf 85' lang='lat' dir='ltr'><strong>ques</strong></span> 
     </span>
     <span class='ocr_line' id='line_1_23' title="bbox 84 2258 1108 2344; baseline 0 -20"><span class='ocrx_word' id='word_1_160' title='bbox 84 2267 120 2324; x_wconf 91' lang='lat' dir='ltr'><strong>in</strong></span> <span class='ocrx_word' id='word_1_161' title='bbox 144 2265 215 2344; x_wconf 89' lang='lat' dir='ltr'><strong>ipsa</strong></span> <span class='ocrx_word' id='word_1_162' title='bbox 243 2261 394 2324; x_wconf 86' lang='lat' dir='ltr'><strong>oratione</strong></span> <span class='ocrx_word' id='word_1_163' title='bbox 423 2258 530 2320; x_wconf 86' lang='lat' dir='ltr'><strong>adhuc</strong></span> <span class='ocrx_word' id='word_1_164' title='bbox 559 2261 718 2321; x_wconf 82' lang='lat' dir='ltr'><strong>exstantia</strong></span> <span class='ocrx_word' id='word_1_165' title='bbox 745 2263 855 2323; x_wconf 85' lang='lat' dir='ltr'><strong>virum</strong></span> <span class='ocrx_word' id='word_1_166' title='bbox 878 2262 1017 2324; x_wconf 84' lang='lat' dir='ltr'><strong>doctum·</strong></span> <span class='ocrx_word' id='word_1_167' title='bbox 1036 2283 1108 2324; x_wconf 89' lang='lat' dir='ltr'><strong>mo·</strong></span> 
     </span>
     <span class='ocr_line' id='line_1_24' title="bbox 84 2343 1110 2426; baseline -0.003 -16"><span class='ocrx_word' id='word_1_168' title='bbox 84 2354 221 2424; x_wconf 83' lang='lat' dir='ltr'><strong>verunt,</strong></span> <span class='ocrx_word' id='word_1_169' title='bbox 258 2353 297 2406; x_wconf 87' lang='lat' dir='ltr'><strong>ut</strong></span> <span class='ocrx_word' id='word_1_170' title='bbox 324 2344 461 2404; x_wconf 85' lang='lat' dir='ltr'><strong>alteram</strong></span> <span class='ocrx_word' id='word_1_171' title='bbox 489 2344 556 2420; x_wconf 91' lang='lat' dir='ltr'><strong>ejus</strong></span> <span class='ocrx_word' id='word_1_172' title='bbox 584 2353 711 2424; x_wconf 80' lang='lat' dir='ltr'><strong>partem</strong></span> <span class='ocrx_word' id='word_1_173' title='bbox 732 2343 797 2403; x_wconf 88' lang='lat' dir='ltr'><strong>huc</strong></span> <span class='ocrx_word' id='word_1_174' title='bbox 817 2354 978 2426; x_wconf 83' lang='lat' dir='ltr'><strong>spectasse</strong></span> <span class='ocrx_word' id='word_1_175' title='bbox 999 2344 1110 2408; x_wconf 87' lang='lat' dir='ltr'><strong>crede-</strong></span> 
     </span>
     <span class='ocr_line' id='line_1_25' title="bbox 86 2421 1110 2511; baseline -0.001 -20"><span class='ocrx_word' id='word_1_176' title='bbox 86 2438 155 2506; x_wconf 90' lang='lat' dir='ltr'><strong>ret,</strong></span> <span class='ocrx_word' id='word_1_177' title='bbox 183 2426 284 2491; x_wconf 81' lang='lat' dir='ltr'><strong>verba</strong></span> <span class='ocrx_word' id='word_1_178' title='bbox 304 2422 339 2486; x_wconf 85' lang='grc' dir='ltr'><strong>τὸ</strong></span> <span class='ocrx_word' id='word_1_179' title='bbox 361 2421 483 2500; x_wconf 78' lang='grc' dir='ltr'><strong>λοιπὸν,</strong></span> <span class='ocrx_word' id='word_1_180' title='bbox 518 2427 547 2485; x_wconf 91' lang='lat' dir='ltr'><strong>si</strong></span> <span class='ocrx_word' id='word_1_181' title='bbox 569 2427 697 2510; x_wconf 79' lang='lat' dir='ltr'><strong>integra</strong></span> <span class='ocrx_word' id='word_1_182' title='bbox 717 2431 895 2504; x_wconf 86' lang='lat' dir='ltr'><strong>sententia,</strong></span> <span class='ocrx_word' id='word_1_183' title='bbox 923 2429 981 2489; x_wconf 88' lang='lat' dir='ltr'><strong>ubi</strong></span> <span class='ocrx_word' id='word_1_184' title='bbox 1002 2431 1110 2511; x_wconf 88' lang='lat' dir='ltr'><strong>posita</strong></span> 
     </span>
     <span class='ocr_line' id='line_1_26' title="bbox 86 2507 1110 2590; baseline -0.001 -16"><span class='ocrx_word' id='word_1_185' title='bbox 86 2521 181 2588; x_wconf 84' lang='lat' dir='ltr'><strong>snut,</strong></span> <span class='ocrx_word' id='word_1_186' title='bbox 214 2507 256 2572; x_wconf 85' lang='lat' dir='ltr'><strong>ad</strong></span> <span class='ocrx_word' id='word_1_187' title='bbox 280 2509 426 2570; x_wconf 83' lang='lat' dir='ltr'><strong>Orestem</strong></span> <span class='ocrx_word' id='word_1_188' title='bbox 447 2509 573 2588; x_wconf 84' lang='lat' dir='ltr'><strong>potius,</strong></span> <span class='ocrx_word' id='word_1_189' title='bbox 612 2529 708 2590; x_wconf 83' lang='lat' dir='ltr'><strong>quam</strong></span> <span class='ocrx_word' id='word_1_190' title='bbox 730 2508 773 2570; x_wconf 87' lang='lat' dir='ltr'><strong>ad</strong></span> <span class='ocrx_word' id='word_1_191' title='bbox 792 2511 1005 2573; x_wconf 81' lang='lat' dir='ltr'><strong>Athenienses</strong></span> <span class='ocrx_word' id='word_1_192' title='bbox 1027 2516 1110 2574; x_wconf 83' lang='lat' dir='ltr'><strong>refe-</strong></span> 
     </span>
     <span class='ocr_line' id='line_1_27' title="bbox 84 2589 1110 2673; baseline -0.002 -14"><span class='ocrx_word' id='word_1_193' title='bbox 84 2593 187 2660; x_wconf 85' lang='lat' dir='ltr'><strong>renda</strong></span> <span class='ocrx_word' id='word_1_194' title='bbox 210 2602 275 2673; x_wconf 88' lang='lat' dir='ltr'><strong>est,</strong></span> <span class='ocrx_word' id='word_1_195' title='bbox 296 2593 382 2652; x_wconf 90' lang='lat' dir='ltr'><strong>nihil</strong></span> <span class='ocrx_word' id='word_1_196' title='bbox 405 2589 563 2670; x_wconf 90' lang='lat' dir='ltr'><strong>ejusmodi</strong></span> <span class='ocrx_word' id='word_1_197' title='bbox 584 2594 736 2673; x_wconf 85' lang='lat' dir='ltr'><strong>probant.</strong></span> <span class='ocrx_word' id='word_1_198' title='bbox 781 2594 923 2657; x_wconf 89' lang='lat' dir='ltr'><strong>Omnino</strong></span> <span class='ocrx_word' id='word_1_199' title='bbox 945 2616 1025 2660; x_wconf 84' lang='lat' dir='ltr'><strong>vero</strong></span> <span class='ocrx_word' id='word_1_200' title='bbox 1047 2597 1110 2658; x_wconf 92' lang='lat' dir='ltr'><strong>hoc</strong></span> 
     </span>
     <span class='ocr_line' id='line_1_28' title="bbox 85 2673 1110 2763; baseline 0 -23"><span class='ocrx_word' id='word_1_201' title='bbox 85 2679 246 2763; x_wconf 89' lang='lat' dir='ltr'><strong>placitum</strong></span> <span class='ocrx_word' id='word_1_202' title='bbox 276 2696 318 2737; x_wconf 89' lang='lat' dir='ltr'><strong>ne</strong></span> <span class='ocrx_word' id='word_1_203' title='bbox 348 2695 409 2756; x_wconf 84' lang='lat' dir='ltr'><strong>per</strong></span> <span class='ocrx_word' id='word_1_204' title='bbox 439 2695 473 2738; x_wconf 90' lang='lat' dir='ltr'><strong>se</strong></span> <span class='ocrx_word' id='word_1_205' title='bbox 505 2673 638 2756; x_wconf 89' lang='lat' dir='ltr'><strong>quidem</strong></span> <span class='ocrx_word' id='word_1_206' title='bbox 669 2677 839 2758; x_wconf 87' lang='lat' dir='ltr'><strong>probabile</strong></span> <span class='ocrx_word' id='word_1_207' title='bbox 870 2689 928 2742; x_wconf 88' lang='lat' dir='ltr'><strong>est.</strong></span> <span class='ocrx_word' id='word_1_208' title='bbox 982 2681 1110 2740; x_wconf 87' lang='lat' dir='ltr'><strong>Etenim</strong></span> 
     </span>
     <span class='ocr_line' id='line_1_29' title="bbox 86 2759 1112 2826; baseline -0.002 0"><span class='ocrx_word' id='word_1_209' title='bbox 86 2768 158 2826; x_wconf 80' lang='lat' dir='ltr'><strong>sire</strong></span> <span class='ocrx_word' id='word_1_210' title='bbox 187 2763 312 2822; x_wconf 89' lang='lat' dir='ltr'><strong>cultum</strong></span> <span class='ocrx_word' id='word_1_211' title='bbox 338 2759 536 2820; x_wconf 85' lang='lat' dir='ltr'><strong>dearnmin</strong></span> <span class='ocrx_word' id='word_1_212' title='bbox 562 2761 751 2823; x_wconf 86' lang='lat' dir='ltr'><strong>universum</strong></span> <span class='ocrx_word' id='word_1_213' title='bbox 781 2761 1017 2826; x_wconf 89' lang='lat' dir='ltr'><strong>instituendum</strong></span> <span class='ocrx_word' id='word_1_214' title='bbox 1043 2783 1112 2826; x_wconf 88' lang='lat' dir='ltr'><strong>esse</strong></span> 
     </span>
     <span class='ocr_line' id='line_1_30' title="bbox 86 2843 1112 2929; baseline 0 -21"><span class='ocrx_word' id='word_1_215' title='bbox 86 2866 216 2924; x_wconf 85' lang='lat' dir='ltr'><strong>censes,</strong></span> <span class='ocrx_word' id='word_1_216' title='bbox 246 2846 316 2906; x_wconf 86' lang='lat' dir='ltr'><strong>sivo</strong></span> <span class='ocrx_word' id='word_1_217' title='bbox 337 2844 483 2928; x_wconf 75' lang='lat' dir='ltr'><strong>singulas</strong></span> <span class='ocrx_word' id='word_1_218' title='bbox 503 2843 679 2904; x_wconf 83' lang='lat' dir='ltr'><strong>no&#39;nnullas</strong></span> <span class='ocrx_word' id='word_1_219' title='bbox 700 2847 767 2924; x_wconf 90' lang='lat' dir='ltr'><strong>ejus</strong></span> <span class='ocrx_word' id='word_1_220' title='bbox 789 2855 897 2929; x_wconf 91' lang='lat' dir='ltr'><strong>partes</strong></span> <span class='ocrx_word' id='word_1_221' title='bbox 920 2867 1112 2910; x_wconf 85' lang='lat' dir='ltr'><strong>commemo·</strong></span> 
     </span>
     <span class='ocr_line' id='line_1_31' title="bbox 83 2926 1113 3009; baseline 0.001 -17"><span class='ocrx_word' id='word_1_222' title='bbox 83 2927 223 3005; x_wconf 82' lang='lat' dir='ltr'><strong>rendae,</strong></span> <span class='ocrx_word' id='word_1_223' title='bbox 259 2929 328 2990; x_wconf 87' lang='lat' dir='ltr'><strong>sive</strong></span> <span class='ocrx_word' id='word_1_224' title='bbox 355 2926 510 3009; x_wconf 87' lang='lat' dir='ltr'><strong>populum</strong></span> <span class='ocrx_word' id='word_1_225' title='bbox 533 2927 764 2990; x_wconf 84' lang='lat' dir='ltr'><strong>Atheniensem</strong></span> <span class='ocrx_word' id='word_1_226' title='bbox 794 2929 1007 3009; x_wconf 87' lang='lat' dir='ltr'><strong>monendum,</strong></span> <span class='ocrx_word' id='word_1_227' title='bbox 1044 2951 1113 2993; x_wconf 90' lang='lat' dir='ltr'><strong>om·</strong></span> 
     </span>
     <span class='ocr_line' id='line_1_32' title="bbox 83 3012 1113 3094; baseline 0.001 -21"><span class='ocrx_word' id='word_1_228' title='bbox 83 3014 185 3074; x_wconf 89' lang='lat' dir='ltr'><strong>nibus</strong></span> <span class='ocrx_word' id='word_1_229' title='bbox 205 3012 296 3072; x_wconf 87' lang='lat' dir='ltr'><strong>hisce</strong></span> <span class='ocrx_word' id='word_1_230' title='bbox 323 3013 386 3090; x_wconf 86' lang='lat' dir='ltr'><strong>jam</strong></span> <span class='ocrx_word' id='word_1_231' title='bbox 408 3021 503 3072; x_wconf 84' lang='lat' dir='ltr'><strong>antea</strong></span> <span class='ocrx_word' id='word_1_232' title='bbox 530 3013 732 3073; x_wconf 85' lang='lat' dir='ltr'><strong>satisfactum</strong></span> <span class='ocrx_word' id='word_1_233' title='bbox 754 3023 825 3078; x_wconf 85' lang='lat' dir='ltr'><strong>erat</strong></span> <span class='ocrx_word' id='word_1_234' title='bbox 845 3035 864 3074; x_wconf 87' lang='lat' dir='ltr'>a</span> <span class='ocrx_word' id='word_1_235' title='bbox 885 3014 1037 3078; x_wconf 86' lang='lat' dir='ltr'><strong>Minerva</strong></span> <span class='ocrx_word' id='word_1_236' title='bbox 1059 3017 1113 3094; x_wconf 90' lang='lat' dir='ltr'><strong>iis,</strong></span> 
     </span>
     <span class='ocr_line' id='line_1_33' title="bbox 85 3093 1114 3181; baseline 0.006 -25"><span class='ocrx_word' id='word_1_237' title='bbox 85 3116 173 3178; x_wconf 88' lang='lat' dir='ltr'><strong>quae</strong></span> <span class='ocrx_word' id='word_1_238' title='bbox 194 3098 338 3176; x_wconf 90' lang='lat' dir='ltr'><strong>primum</strong></span> <span class='ocrx_word' id='word_1_239' title='bbox 358 3093 416 3156; x_wconf 87' lang='lat' dir='ltr'><strong>Vs.</strong></span> <span class='ocrx_word' id='word_1_240' title='bbox 439 3097 499 3160; x_wconf 83' lang='lat'><strong>771</strong></span> <span class='ocrx_word' id='word_1_241' title='bbox 522 3115 611 3176; x_wconf 80' lang='lat' dir='ltr'><strong>sqq,</strong></span> <span class='ocrx_word' id='word_1_242' title='bbox 632 3105 702 3156; x_wconf 90' lang='lat' dir='ltr'><strong>tum</strong></span> <span class='ocrx_word' id='word_1_243' title='bbox 723 3096 780 3158; x_wconf 92' lang='lat' dir='ltr'><strong>Vs.</strong></span> <span class='ocrx_word' id='word_1_244' title='bbox 803 3100 865 3162; x_wconf 91' lang='grc'><strong>797</strong></span> <span class='ocrx_word' id='word_1_245' title='bbox 886 3119 973 3181; x_wconf 79' lang='lat' dir='ltr'><strong>sqq,</strong></span> <span class='ocrx_word' id='word_1_246' title='bbox 996 3097 1114 3162; x_wconf 88' lang='lat' dir='ltr'><strong>deinde</strong></span> 
     </span>
     <span class='ocr_line' id='line_1_34' title="bbox 82 3178 1113 3264; baseline 0.007 -24"><span class='ocrx_word' id='word_1_247' title='bbox 82 3180 144 3240; x_wconf 89' lang='lat' dir='ltr'><strong>Vs.</strong></span> <span class='ocrx_word' id='word_1_248' title='bbox 167 3179 231 3244; x_wconf 80' lang='lat'><strong>829</strong></span> <span class='ocrx_word' id='word_1_249' title='bbox 252 3199 321 3260; x_wconf 86' lang='lat' dir='ltr'><strong>sqq.</strong></span> <span class='ocrx_word' id='word_1_250' title='bbox 344 3186 378 3239; x_wconf 86' lang='lat' dir='ltr'><strong>et</strong></span> <span class='ocrx_word' id='word_1_251' title='bbox 399 3179 552 3260; x_wconf 89' lang='lat' dir='ltr'><strong>inprimis</strong></span> <span class='ocrx_word' id='word_1_252' title='bbox 574 3178 651 3240; x_wconf 86' lang='lat' dir='ltr'><strong>i&#39;nde</strong></span> <span class='ocrx_word' id='word_1_253' title='bbox 672 3200 691 3239; x_wconf 85' lang='lat' dir='ltr'><strong>a</strong></span> <span class='ocrx_word' id='word_1_254' title='bbox 713 3181 770 3243; x_wconf 91' lang='lat' dir='ltr'><strong>Vs.</strong></span> <span class='ocrx_word' id='word_1_255' title='bbox 787 3183 849 3246; x_wconf 81' lang='lat'><strong>850</strong></span> <span class='ocrx_word' id='word_1_256' title='bbox 871 3201 972 3264; x_wconf 88' lang='lat' dir='ltr'><strong>usque</strong></span> <span class='ocrx_word' id='word_1_257' title='bbox 993 3181 1035 3242; x_wconf 89' lang='lat' dir='ltr'><strong>ad</strong></span> <span class='ocrx_word' id='word_1_258' title='bbox 1056 3183 1113 3247; x_wconf 91' lang='lat' dir='ltr'><strong>Vs.</strong></span> 
     </span>
     <span class='ocr_line' id='line_1_35' title="bbox 80 3259 1115 3346; baseline -0.003 -16"><span class='ocrx_word' id='word_1_259' title='bbox 80 3267 159 3330; x_wconf 73' lang='lat'><strong>861.</strong></span> <span class='ocrx_word' id='word_1_260' title='bbox 183 3262 324 3342; x_wconf 89' lang='lat' dir='ltr'><strong>denique</strong></span> <span class='ocrx_word' id='word_1_261' title='bbox 344 3259 401 3324; x_wconf 92' lang='lat' dir='ltr'><strong>Vs.</strong></span> <span class='ocrx_word' id='word_1_262' title='bbox 424 3265 486 3326; x_wconf 73' lang='lat'><strong>946</strong></span> <span class='ocrx_word' id='word_1_263' title='bbox 506 3283 593 3345; x_wconf 90' lang='lat' dir='ltr'><strong>sqq,</strong></span> <span class='ocrx_word' id='word_1_264' title='bbox 623 3262 770 3342; x_wconf 82' lang='lat' dir='ltr'><strong>dixerat,</strong></span> <span class='ocrx_word' id='word_1_265' title='bbox 803 3285 943 3346; x_wconf 87' lang='lat' dir='ltr'><strong>quorum</strong></span> <span class='ocrx_word' id='word_1_266' title='bbox 965 3268 1115 3329; x_wconf 86' lang='lat' dir='ltr'><strong>locorum</strong></span> 
     </span>
     <span class='ocr_line' id='line_1_36' title="bbox 80 3347 1115 3434; baseline -0.001 -24"><span class='ocrx_word' id='word_1_267' title='bbox 80 3348 165 3410; x_wconf 86' lang='lat' dir='ltr'><strong>talis</strong></span> <span class='ocrx_word' id='word_1_268' title='bbox 193 3347 279 3406; x_wconf 85' lang='lat' dir='ltr'><strong>ratio</strong></span> <span class='ocrx_word' id='word_1_269' title='bbox 302 3354 366 3420; x_wconf 88' lang='lat' dir='ltr'><strong>est,</strong></span> <span class='ocrx_word' id='word_1_270' title='bbox 406 3355 444 3407; x_wconf 89' lang='lat' dir='ltr'><strong>ut</strong></span> <span class='ocrx_word' id='word_1_271' title='bbox 472 3355 570 3427; x_wconf 89' lang='lat' dir='ltr'><strong>poeta</strong></span> <span class='ocrx_word' id='word_1_272' title='bbox 603 3347 666 3409; x_wconf 88' lang='lat' dir='ltr'><strong>hoe</strong></span> <span class='ocrx_word' id='word_1_273' title='bbox 694 3353 828 3434; x_wconf 77' lang='lat' dir='ltr'><strong>negotio</strong></span> <span class='ocrx_word' id='word_1_274' title='bbox 850 3351 886 3409; x_wconf 93' lang='lat' dir='ltr'><strong>in</strong></span> <span class='ocrx_word' id='word_1_275' title='bbox 908 3351 1115 3432; x_wconf 85' lang='lat' dir='ltr'><strong>sequentibus</strong></span> 
     </span>
     <span class='ocr_line' id='line_1_37' title="bbox 80 3429 1115 3512; baseline 0 -20"><span class='ocrx_word' id='word_1_276' title='bbox 80 3429 301 3512; x_wconf 88' lang='lat' dir='ltr'><strong>supersedere</strong></span> <span class='ocrx_word' id='word_1_277' title='bbox 338 3448 404 3490; x_wconf 91' lang='lat' dir='ltr'><strong>non</strong></span> <span class='ocrx_word' id='word_1_278' title='bbox 442 3439 508 3496; x_wconf 85' lang='lat' dir='ltr'><strong>tam</strong></span> <span class='ocrx_word' id='word_1_279' title='bbox 540 3449 634 3512; x_wconf 88' lang='lat' dir='ltr'><strong>posse</strong></span> <span class='ocrx_word' id='word_1_280' title='bbox 672 3453 768 3512; x_wconf 91' lang='lat' dir='ltr'><strong>quam</strong></span> <span class='ocrx_word' id='word_1_281' title='bbox 801 3433 919 3495; x_wconf 92' lang='lat' dir='ltr'><strong>debere</strong></span> <span class='ocrx_word' id='word_1_282' title='bbox 946 3432 1115 3506; x_wconf 79' lang='lat' dir='ltr'><strong>videatnr3</strong></span> 
     </span>
     <span class='ocr_line' id='line_1_38' title="bbox 81 3509 1117 3596; baseline -0.002 -18"><span class='ocrx_word' id='word_1_283' title='bbox 81 3519 190 3578; x_wconf 87' lang='lat' dir='ltr'><strong>immo</strong></span> <span class='ocrx_word' id='word_1_284' title='bbox 212 3515 311 3575; x_wconf 89' lang='lat' dir='ltr'><strong>ctiam</strong></span> <span class='ocrx_word' id='word_1_285' title='bbox 332 3533 468 3596; x_wconf 86' lang='lat' dir='ltr'><strong>pompa,</strong></span> <span class='ocrx_word' id='word_1_286' title='bbox 490 3535 552 3596; x_wconf 87' lang='lat' dir='ltr'><strong>qua</strong></span> <span class='ocrx_word' id='word_1_287' title='bbox 573 3514 768 3578; x_wconf 88' lang='lat' dir='ltr'><strong>Eumenides</strong></span> <span class='ocrx_word' id='word_1_288' title='bbox 790 3516 831 3579; x_wconf 85' lang='lat' dir='ltr'><strong>ad</strong></span> <span class='ocrx_word' id='word_1_289' title='bbox 852 3509 943 3578; x_wconf 81' lang='lat' dir='ltr'><strong>sedes</strong></span> <span class='ocrx_word' id='word_1_290' title='bbox 964 3537 1038 3578; x_wconf 86' lang='lat' dir='ltr'><strong>suas</strong></span> <span class='ocrx_word' id='word_1_291' title='bbox 1059 3515 1117 3576; x_wconf 91' lang='lat' dir='ltr'><strong>du-</strong></span> 
     </span>
     <span class='ocr_line' id='line_1_39' title="bbox 81 3597 1116 3681; baseline 0.002 -25"><span class='ocrx_word' id='word_1_292' title='bbox 81 3606 210 3658; x_wconf 88' lang='lat' dir='ltr'><strong>cuntur</strong></span> <span class='ocrx_word' id='word_1_293' title='bbox 233 3605 266 3659; x_wconf 88' lang='lat' dir='ltr'><strong>et</strong></span> <span class='ocrx_word' id='word_1_294' title='bbox 287 3617 380 3659; x_wconf 84' lang='lat' dir='ltr'><strong>sacra</strong></span> <span class='ocrx_word' id='word_1_295' title='bbox 401 3599 436 3658; x_wconf 89' lang='lat' dir='ltr'><strong>in</strong></span> <span class='ocrx_word' id='word_1_296' title='bbox 459 3618 496 3659; x_wconf 83' lang='lat' dir='ltr'><strong>ee</strong></span> <span class='ocrx_word' id='word_1_297' title='bbox 518 3597 682 3674; x_wconf 87' lang='lat' dir='ltr'><strong>obeunda,</strong></span> <span class='ocrx_word' id='word_1_298' title='bbox 722 3621 805 3681; x_wconf 80' lang='lat' dir='ltr'><strong>quae</strong></span> <span class='ocrx_word' id='word_1_299' title='bbox 834 3619 885 3661; x_wconf 89' lang='lat' dir='ltr'><strong>res</strong></span> <span class='ocrx_word' id='word_1_300' title='bbox 907 3598 1037 3662; x_wconf 90' lang='lat' dir='ltr'><strong>demum</strong></span> <span class='ocrx_word' id='word_1_301' title='bbox 1058 3599 1116 3660; x_wconf 89' lang='lat' dir='ltr'><strong>sub</strong></span> 
     </span>
     <span class='ocr_line' id='line_1_40' title="bbox 80 3681 1116 3764; baseline 0.003 -24"><span class='ocrx_word' id='word_1_302' title='bbox 80 3683 188 3741; x_wconf 84' lang='lat' dir='ltr'><strong>finem</strong></span> <span class='ocrx_word' id='word_1_303' title='bbox 217 3682 347 3744; x_wconf 84' lang='lat' dir='ltr'><strong>fabulae</strong></span> <span class='ocrx_word' id='word_1_304' title='bbox 378 3683 481 3746; x_wconf 85' lang='lat' dir='ltr'><strong>fusius</strong></span> <span class='ocrx_word' id='word_1_305' title='bbox 511 3681 756 3758; x_wconf 85' lang='lat' dir='ltr'><strong>describuntur,</strong></span> <span class='ocrx_word' id='word_1_306' title='bbox 793 3686 857 3763; x_wconf 86' lang='lat' dir='ltr'><strong>jam</strong></span> <span class='ocrx_word' id='word_1_307' title='bbox 885 3683 942 3746; x_wconf 88' lang='lat' dir='ltr'><strong>Vs.</strong></span> <span class='ocrx_word' id='word_1_308' title='bbox 964 3685 1027 3748; x_wconf 80' lang='lat'><strong>816</strong></span> <span class='ocrx_word' id='word_1_309' title='bbox 1048 3705 1116 3764; x_wconf 86' lang='lat' dir='ltr'><strong>sqq.</strong></span> 
     </span>
     <span class='ocr_line' id='line_1_41' title="bbox 80 3766 1117 3846; baseline 0.002 -22"><span class='ocrx_word' id='word_1_310' title='bbox 80 3774 245 3844; x_wconf 83' lang='lat' dir='ltr'><strong>tanquam</strong></span> <span class='ocrx_word' id='word_1_311' title='bbox 272 3767 371 3825; x_wconf 85' lang='lat' dir='ltr'><strong>etiem</strong></span> <span class='ocrx_word' id='word_1_312' title='bbox 393 3766 429 3824; x_wconf 91' lang='lat' dir='ltr'><strong>in</strong></span> <span class='ocrx_word' id='word_1_313' title='bbox 458 3775 625 3846; x_wconf 88' lang='lat' dir='ltr'><strong>posterum</strong></span> <span class='ocrx_word' id='word_1_314' title='bbox 652 3767 812 3828; x_wconf 85' lang='lat' dir='ltr'><strong>duratura</strong></span> <span class='ocrx_word' id='word_1_315' title='bbox 844 3770 891 3829; x_wconf 88' lang='lat' dir='ltr'><strong>ita</strong></span> <span class='ocrx_word' id='word_1_316' title='bbox 921 3787 1117 3830; x_wconf 87' lang='lat' dir='ltr'><strong>commemo-</strong></span> 
     </span>
     <span class='ocr_line' id='line_1_42' title="bbox 80 3841 1118 3934; baseline -0.001 -25"><span class='ocrx_word' id='word_1_317' title='bbox 80 3855 224 3926; x_wconf 80' lang='lat' dir='ltr'><strong>rantur,</strong></span> <span class='ocrx_word' id='word_1_318' title='bbox 246 3857 284 3908; x_wconf 86' lang='lat' dir='ltr'><strong>ut</strong></span> <span class='ocrx_word' id='word_1_319' title='bbox 303 3869 344 3910; x_wconf 88' lang='lat' dir='ltr'><strong>ne</strong></span> <span class='ocrx_word' id='word_1_320' title='bbox 363 3847 403 3910; x_wconf 92' lang='lat' dir='ltr'><strong>de</strong></span> <span class='ocrx_word' id='word_1_321' title='bbox 426 3848 488 3910; x_wconf 91' lang='lat' dir='ltr'><strong>hoc</strong></span> <span class='ocrx_word' id='word_1_322' title='bbox 510 3847 642 3930; x_wconf 88' lang='lat' dir='ltr'><strong>quidem</strong></span> <span class='ocrx_word' id='word_1_323' title='bbox 663 3853 698 3911; x_wconf 91' lang='lat' dir='ltr'><strong>in</strong></span> <span class='ocrx_word' id='word_1_324' title='bbox 722 3851 783 3912; x_wconf 84' lang='lat' dir='ltr'><strong>heo</strong></span> <span class='ocrx_word' id='word_1_325' title='bbox 804 3849 933 3912; x_wconf 91' lang='lat' dir='ltr'><strong>demum</strong></span> <span class='ocrx_word' id='word_1_326' title='bbox 955 3841 1118 3934; x_wconf 85' lang='lat' dir='ltr'><strong>postrema</strong></span> 
     </span>
     <span class='ocr_line' id='line_1_43' title="bbox 76 3930 1119 4024; baseline -0.001 -31"><span class='ocrx_word' id='word_1_327' title='bbox 76 3930 263 4000; x_wconf 83' lang='lat' dir='ltr'><strong>Minervae</strong></span> <span class='ocrx_word' id='word_1_328' title='bbox 280 3933 431 3999; x_wconf 80' lang='lat' dir='ltr'><strong>oratioue</strong></span> <span class='ocrx_word' id='word_1_329' title='bbox 451 3953 634 4006; x_wconf 85' lang='lat' dir='ltr'><strong>sermonem</strong></span> <span class='ocrx_word' id='word_1_330' title='bbox 655 3935 755 4002; x_wconf 81' lang='lat' dir='ltr'><strong>fuisse</strong></span> <span class='ocrx_word' id='word_1_331' title='bbox 776 3935 948 4024; x_wconf 81' lang='lat' dir='ltr'><strong>probabile</strong></span> <span class='ocrx_word' id='word_1_332' title='bbox 966 3935 1027 4008; x_wconf 80' lang='lat' dir='ltr'><strong>sit3</strong></span> <span class='ocrx_word' id='word_1_333' title='bbox 1050 3932 1119 3994; x_wconf 88' lang='lat' dir='ltr'><strong>Mi-</strong></span> 
     </span>
    </p>
   </div>
   <div class='ocr_carea' id='block_1_3' title="bbox 0 0 1330 4688">
    <p class='ocr_par' dir='ltr' id='par_1_4' title="bbox 0 0 1330 4688">
     <span class='ocr_line' id='line_1_44' title="bbox 0 0 1330 4688; baseline 0 1"><span class='ocrx_word' id='word_1_334' title='bbox 0 0 1330 4688; x_wconf 95' lang='lat' dir='ltr'><strong> </strong></span> 
     </span>
    </p>
   </div>
  </div>
 </body>
</html>
