2652 4688
220 325 297 407 Μ

222 501 344 570 sebius.
406 493 534 562 Deinde
563 497 650 558 enim
690 505 800 560 notam
830 505 1122 588 grammaticorum
1149 517 1236 594 atque

220 583 408 663 Hermanni
430 579 470 644 de
491 601 529 643 ea
549 579 742 643 sententiam
764 593 869 647 tentat
889 585 1014 670 duplici
1041 591 1151 654 modo.
1201 597 1237 658 Et

222 674 367 757 primum
388 663 518 746 quidem
541 685 685 726 caussam
707 687 746 728 ex
768 670 839 748 ipso
868 672 958 748 loco,
986 676 1045 736 ubi
1067 679 1237 758 appellatio

223 759 298 830 fiat,
328 758 510 825 mutuatus,
543 749 605 810 ita:
640 748 696 813 »ln
725 750 798 813 dem
825 754 902 814 sehr
933 755 1049 842 langen
1072 761 1239 824 Abschnist

223 859 290 904 rou
318 835 361 895 V.
380 835 597 909 876-999,«
627 834 691 907 ait,
726 835 802 895 »bot
822 838 900 900 sich
928 838 1001 903 dem
1024 843 1163 910 Dichter
1188 845 1238 908 die

225 923 376 988 schiinste
398 917 612 1002 Gelegenheit
633 913 711 992 dar,
735 915 796 980 den
817 920 944 984 Namen
966 921 1132 1004 Εὑμενίδες
1153 931 1239 992 nicht
1313 995 1314 1002 χ

225 1025 290 1070 nur
310 1001 477 1076 entstehu,
509 999 651 1062 sondern
673 1001 756 1062 auch
784 1003 892 1089 hiufig
912 1007 1093 1091 gebraucbt
1113 1013 1240 1075 werden
1313 1015 1314 1086 ξ

226 1111 270 1154 uu
289 1090 406 1150 lassen.
463 1085 514 1146 Da
535 1103 602 1144 nun
624 1080 681 1144 das
702 1085 808 1148 VVort
827 1085 994 1168 Εὐμενίδες
1020 1092 1099 1156 dort
1120 1097 1241 1158 [themu

225 1173 320 1238 nicht
339 1165 502 1257 gesunden
522 1164 626 1242 wind,
663 1188 699 1228 so
728 1169 832 1232 baben
853 1176 919 1237 wir
940 1177 1026 1242 auch
1043 1176 1121 1248 hein
1143 1180 1243 1246 Recht

113 1325 119 1338 ‚
225 1255 467 1330 annunehmen,
503 1250 629 1312 Athene
658 1251 741 1314 habe
761 1273 822 1316 vor
843 1255 900 1321 Vs.
924 1260 985 1323 982
1012 1261 1165 1350 beilauflg
1192 1287 1244 1350 ge.

225 1347 367 1406 iiusserts
398 1337 473 1396 sibr
493 1336 571 1396 sollt
592 1354 665 1396 nun
681 1336 765 1398 auch
786 1336 919 1426 kiinftig
938 1343 1139 1408 Eumeniden
1162 1348 1246 1410 beis-
1313 1363 1314 1386 ¹

227 1440 320 1502 sen‚s
360 1419 522 1484 vielmehr
550 1421 594 1478 ist
614 1439 647 1480 es
671 1420 940 1506 unverksnnbar,
975 1426 1048 1490 dass
1069 1428 1247 1512 Aeschylus

228 1510 292 1574 den
324 1505 450 1569 Namen
477 1499 641 1582 Εὐμενῖὃες
673 1507 907 1588 gellissentlich
939 1512 1129 1576 vermieden
1160 1515 1247 1576 hats

229 1595 320 1676 Quae
350 1589 511 1652 sententia
539 1607 579 1648 ax
608 1596 701 1668 parte
728 1590 791 1666 jam
823 1592 865 1652 iis
899 1598 1063 1680 tangitur,
1093 1617 1179 1678 qrsae
1211 1603 1250 1664 ab

227 1680 419 1742 Hermanno
451 1671 553 1732 simili
582 1671 636 1732 illi
663 1691 681 1732 a
709 1669 874 1748 Muellero
906 1683 1097 1760 propositae
1127 1683 1253 1762 obieeta

229 1770 313 1828 sunt
363 1757 490 1818 Mirum
518 1761 567 1816 est
594 1764 719 1832 autem,
755 1756 892 1820 eundem
919 1761 1155 1842 Fritaschium,
1197 1772 1255 1850 qui

229 1855 325 1910 antea
352 1861 411 1917 eo,
441 1859 536 1920 quem
565 1840 714 1919 superius
743 1861 775 1922 p.
801 1845 859 1906 195
888 1849 1119 1930 cognovimus,
1153 1851 1255 1926 modo

230 1933 464 1994 commentatus
486 1929 569 1984 esset
591 1921 631 1983 de
651 1935 843 2010 argumento
858 1948 1010 1992 versuum
1033 1933 1258 2014 perditorum,

229 2032 335 2094 neque
356 2007 392 2069 id
411 2009 566 2082 sensisse,
594 2008 846 2088 quampulchre
868 2010 988 2076 deabus
1010 2035 1049 2078 eo
1072 2018 1170 2096 loeo,
1200 2021 1259 2082 ubi

232 2096 273 2158 de
300 2111 420 2176 pompa
449 2093 490 2150 iis
513 2087 658 2150 ducenda
687 2093 798 2174 itaque
825 2097 861 2156 in
889 2099 1079 2162 universum
1104 2099 1145 2166 de
1170 2123 1259 2166 novo

231 2198 345 2246 aarum
366 2175 456 2236 cultu
478 2192 532 2247 ea,
554 2174 682 2253 qualem
702 2177 772 2254 ipse
793 2179 1015 2262 significavit,
1033 2192 1169 2250 ratione
1188 2209 1262 2261 ser·
1313 2255 1314 2266 ,

231 2283 288 2328 mo
315 2261 390 2337 fiat,
420 2259 610 2342 primum,
632 2277 691 2319 nec
719 2261 877 2343 obiter,
907 2275 944 2326 ut
965 2268 1029 2346 jam
1051 2280 1169 2351 putat,
1204 2271 1262 2336 sed
1313 2285 1314 2336 l

233 2347 333 2410 data
361 2360 508 2422 opera,
541 2341 639 2402 simul
661 2361 735 2413 oum
756 2345 863 2408 cultus
892 2349 1102 2414 institutione
1132 2375 1176 2416 ea
1206 2376 1263 2439 ap-

231 2431 367 2517 pellatio
389 2430 593 2508 imponatur,
620 2426 679 2487 sub
702 2446 765 2508 qua
786 2431 821 2490 in
842 2441 1008 2510 posterum
1028 2437 1076 2500 ita
1099 2439 1266 2504 colendae
1313 2509 1314 2524 ,

232 2522 347 2580 essent.
388 2513 442 2580 ,Et
469 2509 553 2570 hanc
583 2508 714 2591 quidem
744 2531 830 2589 rem,
863 2516 905 2576 ad
934 2537 1030 2598 quam
1059 2524 1173 2601 infra,
1206 2525 1268 2594 ubi

233 2619 338 2662 meam
367 2597 469 2678 ipsius
490 2594 682 2654 sententiam
711 2615 890 2678 proponam
913 2599 952 2663 de
976 2621 1031 2680 eo,
1072 2606 1168 2686 quod
1197 2618 1269 2668 tra-

233 2683 316 2746 dunt
344 2677 570 2764 grammatici,
602 2680 835 2740 recurrendum
858 2685 938 2762 erit,
967 2687 1031 2764 jam
1053 2692 1195 2752 missam
1218 2696 1272 2752 fa.

233 2771 296 2830 cio.
343 2762 492 2825 atenim
510 2779 589 2824 vero
611 2779 714 2842 neque
736 2763 821 2824 illud
841 2776 1041 2847 postremum
1060 2793 1186 2836 verum
1208 2778 1274 2836 ha-

232 2853 289 2914 bet
309 2849 363 2910 vir
384 2843 514 2914 doctum
537 2853 706 2924 praeterea
727 2849 829 2925 enim,
855 2871 895 2912 ne
916 2854 1044 2916 seilicet
1064 2858 1119 2919 vel
1143 2861 1277 2922 umbra

235 2930 450 2996 dubitationis
471 2925 629 3006 resideat,
655 2937 721 2990 tres
744 2951 870 2994 caussas
892 2939 987 2997 affert
1007 2939 1147 3004 aliunde
1172 2963 1278 3026 repe-

233 3020 327 3092 titas,
357 3033 417 3074 eur
443 3011 614 3110 probabile
640 3014 701 3089 sit,
737 3015 932 3097 Aeschylum
964 3022 1000 3080 in
1021 3023 1282 3089 Eumenidibns

234 3101 376 3162 nominis
402 3095 568 3172 Ευμενίδες
599 3116 755 3177 nusquam
788 3104 986 3165 mentionem
1016 3107 1198 3188 injecisse,
1248 3121 1286 3174 et

234 3187 374 3267 primam
425 3177 557 3262 quidem
599 3179 742 3243 hancce:
787 3184 936 3248 Furias
974 3190 1286 3258 Athenienses

234 3267 413 3352 proprie
455 3284 533 3324 nou
574 3266 811 3346 appellatas
856 3291 947 3332 esse
985 3273 1289 3340 Eumenidum

235 3352 418 3421 nomine5
441 3349 592 3408 alteram:
615 3369 758 3412 nomen
777 3351 1071 3434 horrificum&
1094 3357 1294 3441 Εὐμενί-

236 3437 300 3508 δες
322 3452 440 3514 quum
463 3433 637 3500 ¹omnino
668 3436 889 3500 rarissime
919 3452 1184 3523 usurpatum
1227 3451 1296 3508 sit

233 3518 429 3592 Athenis,
467 3523 552 3574 tum
581 3513 622 3574 id
650 3537 726 3577 non
749 3519 1195 3610 eloquireligionem
1231 3535 1300 3592 fu·

235 3606 339 3677 isse3
368 3603 518 3662 tertiam:
550 3599 1012 3684 noluisseheschylum
1034 3615 1301 3676 veteribus

234 3686 396 3750 fabulis
427 3680 473 3744 de
504 3681 653 3744 Oreste
684 3695 830 3766 aperte
860 3689 1046 3772 obloqui.
1115 3696 1306 3776 Quarum

235 3771 373 3832 alteram
395 3785 582 3828 caussarum
610 3768 716 3828 minus
747 3769 902 3851 ponderis
924 3773 1044 3836 habere
1066 3779 1147 3860 ipse
1175 3785 1307 3844 conli-

234 3863 349 3932 tetur,
373 3857 571 3932 postremam
597 3870 677 3912 vero
705 3861 832 3914 tantum
857 3857 1039 3928 arbitratur
1059 3864 1217 3945 valere,
1266 3877 1314 3928 ut

235 3936 381 4000 salsole
409 3951 478 3992 rem
501 3933 670 4008 conficiat,
708 3940 855 4016 quamvis
885 3942 984 4002 etiam
1006 3943 1173 4026 reliquae
1205 3949 1314 4012 duae

238 4020 353 4083 sutem
381 4012 607 4080 secundariam
630 4018 697 4080 vim
723 4031 904 4086 exerceant.
960 4022 1161 4096 Secundam
1189 4035 1314 4100 illam
