<?xml version="1.0" encoding="UTF-8"?>
<!DOCTYPE html PUBLIC "-//W3C//DTD XHTML 1.0 Transitional//EN"
    "http://www.w3.org/TR/xhtml1/DTD/xhtml1-transitional.dtd">
<html xmlns="http://www.w3.org/1999/xhtml" xml:lang="en" lang="en">
 <head>
  <title>
</title>
<meta http-equiv="Content-Type" content="text/html;charset=utf-8" />
  <meta name='ocr-system' content='tesseract 3.04.00' />
  <meta name='ocr-capabilities' content='ocr_page ocr_carea ocr_par ocr_line ocrx_word'/>
</head>
<body>
  <div class='ocr_page' id='page_1' title='image "./conjectaneainae00wiesgoog_0073.png"; bbox 0 0 2794 4692; ppageno 0'>
   <div class='ocr_carea' id='block_1_1' title="bbox 203 345 446 426">
    <p class='ocr_par' dir='ltr' id='par_1_1' title="bbox 203 345 446 426">
     <span class='ocr_line' id='line_1_1' title="bbox 203 345 446 426; baseline -0.066 1"><span class='ocrx_word' id='word_1_1' title='bbox 203 345 360 426; x_wconf 78' lang='lat' dir='ltr'>LXVIII</span> <span class='ocrx_word' id='word_1_2' title='bbox 438 394 446 411; x_wconf 91' lang='lat'><strong>.</strong></span> 
     </span>
    </p>
   </div>
   <div class='ocr_carea' id='block_1_2' title="bbox 102 503 1301 1028">
    <p class='ocr_par' dir='ltr' id='par_1_2' title="bbox 202 503 1241 825">
     <span class='ocr_line' id='line_1_2' title="bbox 203 503 1239 620; baseline -0.019 -23"><span class='ocrx_word' id='word_1_3' title='bbox 203 533 352 620; x_wconf 74' lang='lat' dir='ltr'><strong>qrratur:</strong></span> <span class='ocrx_word' id='word_1_4' title='bbox 380 513 510 590; x_wconf 79' lang='lat' dir='ltr'><strong>Furias</strong></span> <span class='ocrx_word' id='word_1_5' title='bbox 525 512 650 612; x_wconf 86' lang='lat' dir='ltr'><strong>enim,</strong></span> <span class='ocrx_word' id='word_1_6' title='bbox 676 509 789 585; x_wconf 88' lang='lat' dir='ltr'><strong>veluti</strong></span> <span class='ocrx_word' id='word_1_7' title='bbox 810 507 911 583; x_wconf 87' lang='lat' dir='ltr'><strong>oanis</strong></span> <span class='ocrx_word' id='word_1_8' title='bbox 934 505 1139 582; x_wconf 86' lang='lat' dir='ltr'><strong>sauciatum</strong></span> <span class='ocrx_word' id='word_1_9' title='bbox 1160 503 1239 578; x_wconf 82' lang='lat' dir='ltr'><strong>hin-</strong></span> 
     </span>
     <span class='ocr_line' id='line_1_3' title="bbox 202 606 1241 713; baseline -0.022 -11"><span class='ocrx_word' id='word_1_10' title='bbox 202 625 353 711; x_wconf 78' lang='lat' dir='ltr'><strong>nulum,</strong></span> <span class='ocrx_word' id='word_1_11' title='bbox 391 617 437 693; x_wconf 88' lang='lat' dir='ltr'><strong>ad</strong></span> <span class='ocrx_word' id='word_1_12' title='bbox 461 612 649 713; x_wconf 79' lang='lat' dir='ltr'>sanguinis</span> <span class='ocrx_word' id='word_1_13' title='bbox 673 613 786 686; x_wconf 87' lang='lat' dir='ltr'><strong>stillas</strong></span> <span class='ocrx_word' id='word_1_14' title='bbox 811 609 993 709; x_wconf 82' lang='lat' dir='ltr'><strong>indagare.</strong></span> <span class='ocrx_word' id='word_1_15' title='bbox 1046 606 1150 699; x_wconf 91' lang='lat' dir='ltr'><strong>Inde,</strong></span> <span class='ocrx_word' id='word_1_16' title='bbox 1188 606 1241 680; x_wconf 85' lang='lat' dir='ltr'><strong>fa-</strong></span> 
     </span>
     <span class='ocr_line' id='line_1_4' title="bbox 203 707 1240 825; baseline -0.02 -25"><span class='ocrx_word' id='word_1_17' title='bbox 203 723 378 825; x_wconf 81' lang='lat' dir='ltr'><strong>tigatione</strong></span> <span class='ocrx_word' id='word_1_18' title='bbox 412 725 737 805; x_wconf 86' lang='lat' dir='ltr'><strong>commemorata,</strong></span> <span class='ocrx_word' id='word_1_19' title='bbox 796 736 868 808; x_wconf 86' lang='lat' dir='ltr'><strong>qua</strong></span> <span class='ocrx_word' id='word_1_20' title='bbox 912 707 1062 786; x_wconf 84' lang='lat' dir='ltr'><strong>affectae</strong></span> <span class='ocrx_word' id='word_1_21' title='bbox 1109 718 1240 798; x_wconf 85' lang='lat' dir='ltr'><strong>essent,</strong></span> 
     </span>
    </p>

    <p class='ocr_par' dir='ltr' id='par_1_3' title="bbox 102 812 1301 1028">
     <span class='ocr_line' id='line_1_5' title="bbox 102 812 1301 925; baseline -0.02 -22"><span class='ocrx_word' id='word_1_22' title='bbox 102 887 108 902; x_wconf 90' lang='lat'><strong><em>.</em></strong></span> <span class='ocrx_word' id='word_1_23' title='bbox 205 850 320 925; x_wconf 90' lang='lat' dir='ltr'><strong>quum</strong></span> <span class='ocrx_word' id='word_1_24' title='bbox 346 821 389 898; x_wconf 88' lang='lat' dir='ltr'><strong>ad</strong></span> <span class='ocrx_word' id='word_1_25' title='bbox 431 817 630 915; x_wconf 80' lang='lat' dir='ltr'><strong>profugum</strong></span> <span class='ocrx_word' id='word_1_26' title='bbox 655 812 922 890; x_wconf 85' lang='lat' dir='ltr'><strong>conficiendum</strong></span> <span class='ocrx_word' id='word_1_27' title='bbox 946 824 1064 886; x_wconf 87' lang='lat' dir='ltr'><strong>totam</strong></span> <span class='ocrx_word' id='word_1_28' title='bbox 1098 824 1241 883; x_wconf 87' lang='lat' dir='ltr'><strong>terram</strong></span> <span class='ocrx_word' id='word_1_29' title='bbox 1298 849 1301 856; x_wconf 90' lang='lat'>·</span> 
     </span>
     <span class='ocr_line' id='line_1_6' title="bbox 204 908 1240 1028; baseline -0.021 -24"><span class='ocrx_word' id='word_1_30' title='bbox 204 934 457 1028; x_wconf 80' lang='lat' dir='ltr'><strong>peragrassent</strong></span> <span class='ocrx_word' id='word_1_31' title='bbox 491 931 527 991; x_wconf 86' lang='lat' dir='ltr'><strong>et</strong></span> <span class='ocrx_word' id='word_1_32' title='bbox 562 940 666 989; x_wconf 90' lang='lat' dir='ltr'><strong>mare</strong></span> <span class='ocrx_word' id='word_1_33' title='bbox 700 913 928 1011; x_wconf 83' lang='lat' dir='ltr'><strong>trajecissent</strong></span> <span class='ocrx_word' id='word_1_34' title='bbox 963 911 1041 987; x_wconf 87' lang='lat' dir='ltr'><strong>sine</strong></span> <span class='ocrx_word' id='word_1_35' title='bbox 1076 908 1143 985; x_wconf 88' lang='lat' dir='ltr'><strong>aiis</strong></span> <span class='ocrx_word' id='word_1_36' title='bbox 1177 933 1240 984; x_wconf 86' lang='lat' dir='ltr'><strong>vo-</strong></span> 
     </span>
    </p>
   </div>
   <div class='ocr_carea' id='block_1_3' title="bbox 205 1048 507 1072">
    <p class='ocr_par' dir='ltr' id='par_1_4' title="bbox 205 1048 507 1072">
     <span class='ocr_line' id='line_1_7' title="bbox 205 1048 507 1072; baseline -0.017 0"><span class='ocrx_word' id='word_1_37' title='bbox 205 1048 507 1072; x_wconf 46' lang='lat' dir='ltr'>...oq-——t-——fl</span> 
     </span>
    </p>
   </div>
   <div class='ocr_carea' id='block_1_4' title="bbox 208 1087 1311 4140">
    <p class='ocr_par' dir='ltr' id='par_1_5' title="bbox 208 1087 1311 4140">
     <span class='ocr_line' id='line_1_8' title="bbox 307 1087 1242 1156; baseline -0.016 0"><span class='ocrx_word' id='word_1_38' title='bbox 307 1097 469 1156; x_wconf 88' lang='lat' dir='ltr'><strong>sententiae</strong></span> <span class='ocrx_word' id='word_1_39' title='bbox 491 1098 601 1151; x_wconf 83' lang='lat' dir='ltr'><strong>nultum</strong></span> <span class='ocrx_word' id='word_1_40' title='bbox 623 1095 739 1151; x_wconf 84' lang='lat' dir='ltr'><strong>fundunt</strong></span> <span class='ocrx_word' id='word_1_41' title='bbox 762 1097 868 1152; x_wconf 85' lang='lat' dir='ltr'><strong>babent</strong></span> <span class='ocrx_word' id='word_1_42' title='bbox 889 1092 948 1152; x_wconf 85' lang='lat' dir='ltr'><strong>nisi</strong></span> <span class='ocrx_word' id='word_1_43' title='bbox 965 1093 1078 1148; x_wconf 86' lang='lat' dir='ltr'><strong>dualem</strong></span> <span class='ocrx_word' id='word_1_44' title='bbox 1093 1087 1242 1156; x_wconf 64' lang='lat' dir='ltr'><strong>wranov,</strong></span> 
     </span>
     <span class='ocr_line' id='line_1_9' title="bbox 304 1161 1242 1239; baseline -0.014 -13"><span class='ocrx_word' id='word_1_45' title='bbox 304 1172 337 1226; x_wconf 88' lang='lat' dir='ltr'><strong>in</strong></span> <span class='ocrx_word' id='word_1_46' title='bbox 354 1185 411 1239; x_wconf 89' lang='lat' dir='ltr'><strong>quo</strong></span> <span class='ocrx_word' id='word_1_47' title='bbox 430 1182 515 1236; x_wconf 89' lang='lat' dir='ltr'><strong>quum</strong></span> <span class='ocrx_word' id='word_1_48' title='bbox 532 1165 658 1235; x_wconf 84' lang='lat' dir='ltr'><strong>genuina</strong></span> <span class='ocrx_word' id='word_1_49' title='bbox 674 1177 776 1232; x_wconf 86' lang='lat' dir='ltr'><strong>poetae</strong></span> <span class='ocrx_word' id='word_1_50' title='bbox 789 1179 887 1222; x_wconf 85' lang='lat' dir='ltr'><strong>manus</strong></span> <span class='ocrx_word' id='word_1_51' title='bbox 901 1163 1020 1234; x_wconf 78' lang='lat' dir='ltr'><strong>agnosci</strong></span> <span class='ocrx_word' id='word_1_52' title='bbox 1037 1170 1176 1228; x_wconf 80' lang='lat' dir='ltr'><strong>nequeat,</strong></span> <span class='ocrx_word' id='word_1_53' title='bbox 1195 1161 1242 1214; x_wconf 83' lang='lat' dir='ltr'><strong>rel</strong></span> 
     </span>
     <span class='ocr_line' id='line_1_10' title="bbox 307 1231 1241 1304; baseline -0.016 -8"><span class='ocrx_word' id='word_1_54' title='bbox 307 1241 364 1296; x_wconf 90' lang='lat' dir='ltr'><strong>hoc</strong></span> <span class='ocrx_word' id='word_1_55' title='bbox 391 1235 505 1294; x_wconf 86' lang='lat' dir='ltr'><strong>nomine</strong></span> <span class='ocrx_word' id='word_1_56' title='bbox 532 1234 708 1304; x_wconf 76' lang='lat' dir='ltr'><strong>rejiciendae</strong></span> <span class='ocrx_word' id='word_1_57' title='bbox 735 1244 810 1292; x_wconf 86' lang='lat' dir='ltr'><strong>sunt.</strong></span> <span class='ocrx_word' id='word_1_58' title='bbox 859 1235 992 1290; x_wconf 83' lang='lat' dir='ltr'><strong>Ceterum</strong></span> <span class='ocrx_word' id='word_1_59' title='bbox 1018 1231 1241 1285; x_wconf 84' lang='lat' dir='ltr'><strong>Hermannus</strong></span> 
     </span>
     <span class='ocr_line' id='line_1_11' title="bbox 307 1298 1243 1381; baseline -0.012 -20"><span class='ocrx_word' id='word_1_60' title='bbox 307 1317 402 1381; x_wconf 88' lang='lat' dir='ltr'><strong>putat,</strong></span> <span class='ocrx_word' id='word_1_61' title='bbox 433 1303 556 1367; x_wconf 85' lang='lat' dir='ltr'><strong>Furias,</strong></span> <span class='ocrx_word' id='word_1_62' title='bbox 577 1319 674 1372; x_wconf 82' lang='lat' dir='ltr'><strong>¹quum</strong></span> <span class='ocrx_word' id='word_1_63' title='bbox 697 1305 788 1374; x_wconf 88' lang='lat' dir='ltr'><strong>prima</strong></span> <span class='ocrx_word' id='word_1_64' title='bbox 810 1304 909 1358; x_wconf 84' lang='lat' dir='ltr'><strong>dicere</strong></span> <span class='ocrx_word' id='word_1_65' title='bbox 931 1299 1090 1373; x_wconf 82' lang='lat' dir='ltr'><strong>inceperit,</strong></span> <span class='ocrx_word' id='word_1_66' title='bbox 1120 1298 1243 1354; x_wconf 85' lang='lat' dir='ltr'><strong>nondum</strong></span> 
     </span>
     <span class='ocr_line' id='line_1_12' title="bbox 307 1369 1244 1509; baseline -0.014 -7"><span class='ocrx_word' id='word_1_67' title='bbox 307 1369 1117 1509; x_wconf 60' lang='lat' dir='ltr'><strong>‘ts‘sittttt‘bbt‘ttisa&#39;tristitiis</strong></span> <span class='ocrx_word' id='word_1_68' title='bbox 1140 1369 1244 1490; x_wconf 67' lang='lat' dir='ltr'><strong>bib*</strong></span> 
     </span>
     <span class='ocr_line' id='line_1_13' title="bbox 352 1463 1242 1504; baseline -0.001 -4"><span class='ocrx_word' id='word_1_69' title='bbox 352 1482 361 1500; x_wconf 77' lang='lat' dir='ltr'><strong>e</strong></span> <span class='ocrx_word' id='word_1_70' title='bbox 1112 1474 1122 1504; x_wconf 69' lang='lat'>9</span> <span class='ocrx_word' id='word_1_71' title='bbox 1228 1463 1242 1479; x_wconf 74' lang='lat'>⁸</span> 
     </span>
     <span class='ocr_line' id='line_1_14' title="bbox 307 1461 1243 1584; baseline -0.014 -14"><span class='ocrx_word' id='word_1_72' title='bbox 307 1516 383 1570; x_wconf 88' lang='lat' dir='ltr'><strong>diam</strong></span> <span class='ocrx_word' id='word_1_73' title='bbox 403 1461 512 1584; x_wconf 73' lang='lat' dir='ltr'><strong>parterii</strong></span> <span class='ocrx_word' id='word_1_74' title='bbox 529 1510 689 1577; x_wconf 84' lang='lat' dir='ltr'><strong>cecinisse,</strong></span> <span class='ocrx_word' id='word_1_75' title='bbox 706 1511 772 1565; x_wconf 89' lang='lat' dir='ltr'><strong>dum</strong></span> <span class='ocrx_word' id='word_1_76' title='bbox 787 1513 909 1566; x_wconf 85' lang='lat' dir='ltr'><strong>alterum</strong></span> <span class='ocrx_word' id='word_1_77' title='bbox 924 1507 1071 1564; x_wconf 88' lang='lat' dir='ltr'><strong>dimidium</strong></span> <span class='ocrx_word' id='word_1_78' title='bbox 1085 1507 1161 1562; x_wconf 83' lang='lat' dir='ltr'><strong>inter</strong></span> <span class='ocrx_word' id='word_1_79' title='bbox 1175 1521 1243 1559; x_wconf 84' lang='lat' dir='ltr'><strong>can·</strong></span> 
     </span>
     <span class='ocr_line' id='line_1_15' title="bbox 251 1575 1241 1652; baseline -0.016 -11"><span class='ocrx_word' id='word_1_80' title='bbox 251 1641 253 1648; x_wconf 81' lang='grc'><em>,</em></span> <span class='ocrx_word' id='word_1_81' title='bbox 308 1585 421 1641; x_wconf 89' lang='lat' dir='ltr'><strong>tandum</strong></span> <span class='ocrx_word' id='word_1_82' title='bbox 439 1581 514 1634; x_wconf 87' lang='lat' dir='ltr'><strong>nihil</strong></span> <span class='ocrx_word' id='word_1_83' title='bbox 534 1596 638 1635; x_wconf 83' lang='lat' dir='ltr'><strong>canens</strong></span> <span class='ocrx_word' id='word_1_84' title='bbox 656 1595 688 1634; x_wconf 90' lang='lat' dir='ltr'><strong>se</strong></span> <span class='ocrx_word' id='word_1_85' title='bbox 707 1579 783 1634; x_wconf 90' lang='lat' dir='ltr'><strong>intro</strong></span> <span class='ocrx_word' id='word_1_86' title='bbox 802 1578 1055 1652; x_wconf 72' lang='lat' dir='ltr'><strong>praecipitaverit,</strong></span> <span class='ocrx_word' id='word_1_87' title='bbox 1086 1575 1143 1630; x_wconf 83' lang='lat' dir='ltr'><strong>rid.</strong></span> <span class='ocrx_word' id='word_1_88' title='bbox 1164 1589 1241 1629; x_wconf 88' lang='lat' dir='ltr'><strong>cens.</strong></span> 
     </span>
     <span class='ocr_line' id='line_1_16' title="bbox 307 1644 1242 1724; baseline -0.012 -17"><span class='ocrx_word' id='word_1_89' title='bbox 307 1672 335 1724; x_wconf 91' lang='lat' dir='ltr'><strong>p.</strong></span> <span class='ocrx_word' id='word_1_90' title='bbox 354 1655 398 1706; x_wconf 85' lang='lat'><strong>51.</strong></span> <span class='ocrx_word' id='word_1_91' title='bbox 433 1649 554 1716; x_wconf 79' lang='lat' dir='ltr'><strong>Contra,</strong></span> <span class='ocrx_word' id='word_1_92' title='bbox 572 1649 598 1704; x_wconf 91' lang='lat' dir='ltr'><strong>si</strong></span> <span class='ocrx_word' id='word_1_93' title='bbox 617 1649 886 1718; x_wconf 81' lang='lat' dir='ltr'><strong>Bambergerum</strong></span> <span class='ocrx_word' id='word_1_94' title='bbox 904 1647 1002 1714; x_wconf 90' lang='lat' dir='ltr'><strong>audis,</strong></span> <span class='ocrx_word' id='word_1_95' title='bbox 1023 1655 1159 1718; x_wconf 83' lang='lat' dir='ltr'><strong>»propter</strong></span> <span class='ocrx_word' id='word_1_96' title='bbox 1176 1644 1242 1697; x_wconf 88' lang='lat' dir='ltr'><strong>lou-</strong></span> 
     </span>
     <span class='ocr_line' id='line_1_17' title="bbox 307 1716 1243 1791; baseline -0.012 -16"><span class='ocrx_word' id='word_1_97' title='bbox 307 1739 386 1791; x_wconf 80' lang='lat' dir='ltr'><strong>gam‚</strong></span> <span class='ocrx_word' id='word_1_98' title='bbox 419 1735 492 1788; x_wconf 89' lang='lat' dir='ltr'><strong>quae</strong></span> <span class='ocrx_word' id='word_1_99' title='bbox 510 1717 671 1784; x_wconf 79' lang='lat' dir='ltr'><strong>antecedit,</strong></span> <span class='ocrx_word' id='word_1_100' title='bbox 699 1736 770 1788; x_wconf 84' lang='lat' dir='ltr'><strong>cory</strong></span> <span class='ocrx_word' id='word_1_101' title='bbox 794 1718 861 1773; x_wconf 79' lang='lat' dir='ltr'><strong>baei-</strong></span> <span class='ocrx_word' id='word_1_102' title='bbox 876 1717 1034 1772; x_wconf 89' lang='lat' dir='ltr'><strong>orationem</strong></span> <span class='ocrx_word' id='word_1_103' title='bbox 1052 1716 1168 1769; x_wconf 84' lang='lat' dir='ltr'><strong>eborum</strong></span> <span class='ocrx_word' id='word_1_104' title='bbox 1185 1717 1243 1780; x_wconf 83' lang='lat' dir='ltr'><strong>jam</strong></span> 
     </span>
     <span class='ocr_line' id='line_1_18' title="bbox 306 1737 1245 1924; baseline -0.011 -10"><span class='ocrx_word' id='word_1_105' title='bbox 306 1737 1018 1924; x_wconf 59' lang='lat' dir='ltr'><strong>ttfflbtt¹¹ttrtttr⁶⁵btti2‘tisitiit</strong></span> <span class='ocrx_word' id='word_1_106' title='bbox 1036 1783 1245 1921; x_wconf 55' lang='lat' dir='ltr'><strong>ditiis}</strong></span> 
     </span>
     <span class='ocr_line' id='line_1_19' title="bbox 343 1888 1241 1914; baseline 0.004 -4"><span class='ocrx_word' id='word_1_107' title='bbox 343 1897 349 1910; x_wconf 85' lang='grc' dir='ltr'><strong>ι</strong></span> <span class='ocrx_word' id='word_1_108' title='bbox 1231 1888 1241 1914; x_wconf 78' lang='lat'><em>2</em></span> 
     </span>
     <span class='ocr_line' id='line_1_20' title="bbox 308 1893 1241 1996; baseline -0.009 -16"><span class='ocrx_word' id='word_1_109' title='bbox 308 1945 364 1996; x_wconf 89' lang='lat' dir='ltr'><strong>quo</strong></span> <span class='ocrx_word' id='word_1_110' title='bbox 392 1926 619 1991; x_wconf 72' lang='lat' dir='ltr'><strong>commendetur,</strong></span> <span class='ocrx_word' id='word_1_111' title='bbox 650 1893 738 1978; x_wconf 64' lang='lat' dir='ltr'><strong>modo</strong></span> <span class='ocrx_word' id='word_1_112' title='bbox 765 1923 794 1978; x_wconf 92' lang='lat' dir='ltr'><strong>id</strong></span> <span class='ocrx_word' id='word_1_113' title='bbox 823 1927 914 1996; x_wconf 84' lang='lat' dir='ltr'><strong>ipsum</strong></span> <span class='ocrx_word' id='word_1_114' title='bbox 938 1935 1024 1978; x_wconf 83' lang='lat' dir='ltr'><strong>extra</strong></span> <span class='ocrx_word' id='word_1_115' title='bbox 1050 1919 1241 1978; x_wconf 87' lang='lat' dir='ltr'><strong>dubitationis</strong></span> 
     </span>
     <span class='ocr_line' id='line_1_21' title="bbox 307 1992 1241 2064; baseline -0.009 -14"><span class='ocrx_word' id='word_1_116' title='bbox 307 1997 396 2050; x_wconf 87' lang='lat' dir='ltr'><strong>aleam</strong></span> <span class='ocrx_word' id='word_1_117' title='bbox 417 1993 540 2064; x_wconf 90' lang='lat' dir='ltr'><strong>positum</strong></span> <span class='ocrx_word' id='word_1_118' title='bbox 559 2001 651 2058; x_wconf 90' lang='lat' dir='ltr'><strong>esset,</strong></span> <span class='ocrx_word' id='word_1_119' title='bbox 683 2009 739 2060; x_wconf 85' lang='lat' dir='ltr'><strong>quo</strong></span> <span class='ocrx_word' id='word_1_120' title='bbox 757 1993 880 2048; x_wconf 84' lang='lat' dir='ltr'><strong>maxime</strong></span> <span class='ocrx_word' id='word_1_121' title='bbox 906 1992 1024 2058; x_wconf 90' lang='lat' dir='ltr'><strong>nititur,</strong></span> <span class='ocrx_word' id='word_1_122' title='bbox 1057 2009 1113 2047; x_wconf 89' lang='lat' dir='ltr'><strong>nou</strong></span> <span class='ocrx_word' id='word_1_123' title='bbox 1131 1992 1241 2062; x_wconf 85' lang='lat' dir='ltr'><strong>piures,</strong></span> 
     </span>
     <span class='ocr_line' id='line_1_22' title="bbox 307 2058 1242 2194; baseline -0.009 -6"><span class='ocrx_word' id='word_1_124' title='bbox 307 2062 1147 2194; x_wconf 59' lang='lat' dir='ltr'><strong>istm„ztttbr‘ttsbtit⁰¹³÷„ii⁰².¹²÷nittt</strong></span> <span class='ocrx_word' id='word_1_125' title='bbox 1173 2058 1242 2193; x_wconf 65' lang='lat' dir='ltr'><strong>‘tt</strong></span> 
     </span>
     <span class='ocr_line' id='line_1_23' title="bbox 306 2168 1239 2272; baseline -0.005 -17"><span class='ocrx_word' id='word_1_126' title='bbox 306 2198 374 2272; x_wconf 72' lang='grc' dir='ltr'><strong>μάλ’</strong></span> <span class='ocrx_word' id='word_1_127' title='bbox 391 2193 426 2254; x_wconf 77' lang='grc' dir='ltr'><strong>αὖ</strong></span> <span class='ocrx_word' id='word_1_128' title='bbox 444 2209 553 2271; x_wconf 87' lang='lat' dir='ltr'><strong>septem</strong></span> <span class='ocrx_word' id='word_1_129' title='bbox 571 2210 707 2254; x_wconf 83' lang='lat' dir='ltr'><strong>commata</strong></span> <span class='ocrx_word' id='word_1_130' title='bbox 723 2169 990 2270; x_wconf 65' lang='lat' dir='ltr'><strong>esse,’quamqnanr,</strong></span> <span class='ocrx_word' id='word_1_131' title='bbox 1008 2217 1042 2255; x_wconf 91' lang='lat' dir='ltr'><strong>an</strong></span> <span class='ocrx_word' id='word_1_132' title='bbox 1061 2168 1157 2271; x_wconf 81' lang='lat' dir='ltr'><strong>potini</strong></span> <span class='ocrx_word' id='word_1_133' title='bbox 1174 2209 1239 2252; x_wconf 87' lang='lat' dir='ltr'><strong>octo</strong></span> 
     </span>
     <span class='ocr_line' id='line_1_24' title="bbox 307 2267 1242 2339; baseline -0.006 -13"><span class='ocrx_word' id='word_1_134' title='bbox 307 2271 380 2339; x_wconf 84' lang='lat' dir='ltr'><strong>aiut,</strong></span> <span class='ocrx_word' id='word_1_135' title='bbox 410 2269 542 2324; x_wconf 87' lang='lat' dir='ltr'><strong>dubitare</strong></span> <span class='ocrx_word' id='word_1_136' title='bbox 567 2268 661 2335; x_wconf 86' lang='lat' dir='ltr'><strong>iicet,¹</strong></span> <span class='ocrx_word' id='word_1_137' title='bbox 687 2281 773 2339; x_wconf 90' lang='lat' dir='ltr'><strong>prout</strong></span> <span class='ocrx_word' id='word_1_138' title='bbox 790 2270 827 2324; x_wconf 92' lang='lat' dir='ltr'><strong>de</strong></span> <span class='ocrx_word' id='word_1_139' title='bbox 849 2270 975 2324; x_wconf 86' lang='lat' dir='ltr'><strong>lectione</strong></span> <span class='ocrx_word' id='word_1_140' title='bbox 995 2285 1126 2324; x_wconf 85' lang='lat' dir='ltr'><strong>versuum</strong></span> <span class='ocrx_word' id='word_1_141' title='bbox 1143 2267 1195 2322; x_wconf 78' lang='lat'><strong>25⁷</strong></span> <span class='ocrx_word' id='word_1_142' title='bbox 1213 2276 1242 2320; x_wconf 92' lang='lat' dir='ltr'><strong>et</strong></span> 
     </span>
     <span class='ocr_line' id='line_1_25' title="bbox 306 2336 1241 2407; baseline -0.009 -11"><span class='ocrx_word' id='word_1_143' title='bbox 306 2343 359 2396; x_wconf 79' lang='lat'><strong>258</strong></span> <span class='ocrx_word' id='word_1_144' title='bbox 378 2340 522 2396; x_wconf 87' lang='lat' dir='ltr'><strong>statuitur.</strong></span> <span class='ocrx_word' id='word_1_145' title='bbox 559 2337 616 2394; x_wconf 90' lang='lat' dir='ltr'><strong>Sed</strong></span> <span class='ocrx_word' id='word_1_146' title='bbox 635 2340 799 2407; x_wconf 86' lang='lat' dir='ltr'><strong>quaeritur,</strong></span> <span class='ocrx_word' id='word_1_147' title='bbox 817 2355 883 2394; x_wconf 90' lang='lat' dir='ltr'><strong>num</strong></span> <span class='ocrx_word' id='word_1_148' title='bbox 901 2338 1016 2394; x_wconf 82' lang='lat' dir='ltr'><strong>iambici</strong></span> <span class='ocrx_word' id='word_1_149' title='bbox 1033 2336 1156 2394; x_wconf 76' lang='lat' dir='ltr'><strong>trimetri</strong></span> <span class='ocrx_word' id='word_1_150' title='bbox 1175 2350 1241 2390; x_wconf 79' lang='lat' dir='ltr'><strong>rer·</strong></span> 
     </span>
     <span class='ocr_line' id='line_1_26' title="bbox 308 2404 1242 2480; baseline -0.005 -16"><span class='ocrx_word' id='word_1_151' title='bbox 308 2427 368 2464; x_wconf 88' lang='lat' dir='ltr'><strong>sum</strong></span> <span class='ocrx_word' id='word_1_152' title='bbox 387 2411 438 2464; x_wconf 79' lang='lat' dir='ltr'><strong>2t5</strong></span> <span class='ocrx_word' id='word_1_153' title='bbox 463 2409 668 2480; x_wconf 85' lang='lat' dir='ltr'><strong>praecedentes</strong></span> <span class='ocrx_word' id='word_1_154' title='bbox 691 2409 806 2464; x_wconf 69' lang='lat' dir='ltr'><strong>ab-,nna</strong></span> <span class='ocrx_word' id='word_1_155' title='bbox 829 2417 934 2464; x_wconf 87' lang='lat' dir='ltr'><strong>tantum</strong></span> <span class='ocrx_word' id='word_1_156' title='bbox 958 2424 1095 2479; x_wconf 85' lang='lat' dir='ltr'><strong>persona,</strong></span> <span class='ocrx_word' id='word_1_157' title='bbox 1127 2404 1242 2462; x_wconf 77' lang='lat' dir='ltr'><strong>seilIcet</strong></span> 
     </span>
     <span class='ocr_line' id='line_1_27' title="bbox 308 2476 1241 2560; baseline -0.008 -26"><span class='ocrx_word' id='word_1_158' title='bbox 308 2481 491 2558; x_wconf 68' lang='lat' dir='ltr'><strong>coryphaec,</strong></span> <span class='ocrx_word' id='word_1_159' title='bbox 508 2477 690 2558; x_wconf 69' lang='lat' dir='ltr'><strong>pronunciati</strong></span> <span class='ocrx_word' id='word_1_160' title='bbox 710 2477 819 2559; x_wconf 82' lang='lat' dir='ltr'><strong>speriut</strong></span> <span class='ocrx_word' id='word_1_161' title='bbox 836 2488 867 2534; x_wconf 88' lang='lat' dir='ltr'><strong>et</strong></span> <span class='ocrx_word' id='word_1_162' title='bbox 883 2495 987 2560; x_wconf 78' lang='lat' dir='ltr'><strong>porro,</strong></span> <span class='ocrx_word' id='word_1_163' title='bbox 1003 2494 1067 2559; x_wconf 77' lang='lat' dir='ltr'><strong>num</strong></span> <span class='ocrx_word' id='word_1_164' title='bbox 1085 2476 1241 2555; x_wconf 71' lang='lat' dir='ltr'><strong>primume</strong></span> 
     </span>
     <span class='ocr_line' id='line_1_28' title="bbox 307 2545 1242 2684; baseline -0.005 -14"><span class='ocrx_word' id='word_1_165' title='bbox 307 2545 1242 2684; x_wconf 52' lang='lat' dir='ltr'><strong>st‘tit:t¹&#39;iststtt,tristisrestititis?sbti</strong></span> 
     </span>
     <span class='ocr_line' id='line_1_29' title="bbox 307 2681 1240 2754; baseline -0.006 -15"><span class='ocrx_word' id='word_1_166' title='bbox 307 2687 526 2740; x_wconf 82' lang='lat' dir='ltr'><strong>Hermannus</strong></span> <span class='ocrx_word' id='word_1_167' title='bbox 550 2695 579 2739; x_wconf 89' lang='lat' dir='ltr'><strong>et</strong></span> <span class='ocrx_word' id='word_1_168' title='bbox 596 2685 775 2740; x_wconf 86' lang='lat' dir='ltr'><strong>recentiores</strong></span> <span class='ocrx_word' id='word_1_169' title='bbox 798 2685 877 2741; x_wconf 90' lang='lat' dir='ltr'><strong>docti</strong></span> <span class='ocrx_word' id='word_1_170' title='bbox 901 2702 985 2754; x_wconf 87' lang='lat' dir='ltr'><strong>quum</strong></span> <span class='ocrx_word' id='word_1_171' title='bbox 1007 2685 1103 2739; x_wconf 84' lang='lat' dir='ltr'><strong>versui</strong></span> <span class='ocrx_word' id='word_1_172' title='bbox 1121 2681 1240 2748; x_wconf 62' lang='lat' dir='ltr'><strong>iddad·</strong></span> 
     </span>
     <span class='ocr_line' id='line_1_30' title="bbox 307 2750 1240 2823; baseline -0.008 -13"><span class='ocrx_word' id='word_1_173' title='bbox 307 2753 466 2810; x_wconf 71' lang='lat' dir='ltr'><strong>scriberem</strong></span> <span class='ocrx_word' id='word_1_174' title='bbox 489 2753 521 2806; x_wconf 77' lang='lat' dir='ltr'><strong>ed</strong></span> <span class='ocrx_word' id='word_1_175' title='bbox 539 2750 607 2808; x_wconf 76' lang='lat' dir='ltr'><strong>oded</strong></span> <span class='ocrx_word' id='word_1_176' title='bbox 624 2751 769 2823; x_wconf 76' lang='lat' dir='ltr'><strong>npo&#39;romdv</strong></span> <span class='ocrx_word' id='word_1_177' title='bbox 785 2750 858 2820; x_wconf 74' lang='grc' dir='ltr'><strong>ἔστι,</strong></span> <span class='ocrx_word' id='word_1_178' title='bbox 876 2771 950 2822; x_wconf 87' lang='lat' dir='ltr'><strong>quae</strong></span> <span class='ocrx_word' id='word_1_179' title='bbox 966 2756 1052 2810; x_wconf 85' lang='lat' dir='ltr'><strong>rerba</strong></span> <span class='ocrx_word' id='word_1_180' title='bbox 1069 2755 1124 2808; x_wconf 85' lang='lat' dir='ltr'><strong>boc</strong></span> <span class='ocrx_word' id='word_1_181' title='bbox 1141 2751 1240 2805; x_wconf 80' lang='lat' dir='ltr'><strong>valere</strong></span> 
     </span>
     <span class='ocr_line' id='line_1_31' title="bbox 307 2820 1241 2895; baseline -0.004 -19"><span class='ocrx_word' id='word_1_182' title='bbox 307 2832 422 2894; x_wconf 88' lang='lat' dir='ltr'><strong>putant:</strong></span> <span class='ocrx_word' id='word_1_183' title='bbox 459 2838 526 2876; x_wconf 86' lang='lat' dir='ltr'><strong>esse</strong></span> <span class='ocrx_word' id='word_1_184' title='bbox 542 2825 616 2878; x_wconf 87' lang='lat' dir='ltr'><strong>banc</strong></span> <span class='ocrx_word' id='word_1_185' title='bbox 641 2824 757 2878; x_wconf 83' lang='lat' dir='ltr'><strong>eandem</strong></span> <span class='ocrx_word' id='word_1_186' title='bbox 784 2839 951 2895; x_wconf 83' lang='lat' dir='ltr'><strong>personam,</strong></span> <span class='ocrx_word' id='word_1_187' title='bbox 975 2827 1056 2892; x_wconf 75' lang='lat' dir='ltr'><strong>euius</strong></span> <span class='ocrx_word' id='word_1_188' title='bbox 1072 2820 1241 2877; x_wconf 82' lang='lat' dir='ltr'><strong>antecedens</strong></span> 
     </span>
     <span class='ocr_line' id='line_1_32' title="bbox 308 2887 1240 2964; baseline -0.005 -18"><span class='ocrx_word' id='word_1_189' title='bbox 308 2908 408 2946; x_wconf 87' lang='lat' dir='ltr'><strong>versus</strong></span> <span class='ocrx_word' id='word_1_190' title='bbox 436 2891 542 2960; x_wconf 84' lang='lat' dir='ltr'><strong>tuerit,</strong></span> <span class='ocrx_word' id='word_1_191' title='bbox 575 2893 611 2947; x_wconf 87' lang='lat' dir='ltr'><strong>de</strong></span> <span class='ocrx_word' id='word_1_192' title='bbox 636 2895 718 2959; x_wconf 80' lang='lat' dir='ltr'><strong>cuius</strong></span> <span class='ocrx_word' id='word_1_193' title='bbox 737 2903 829 2947; x_wconf 87' lang='lat' dir='ltr'><strong>tamen</strong></span> <span class='ocrx_word' id='word_1_194' title='bbox 846 2895 967 2950; x_wconf 82' lang='lat' dir='ltr'><strong>veritate</strong></span> <span class='ocrx_word' id='word_1_195' title='bbox 993 2887 1240 2964; x_wconf 79' lang='lat' dir='ltr'><strong>interpretationis</strong></span> 
     </span>
     <span class='ocr_line' id='line_1_33' title="bbox 305 2961 1241 3031; baseline -0.003 -17"><span class='ocrx_word' id='word_1_196' title='bbox 305 2966 362 3029; x_wconf 86' lang='lat' dir='ltr'><strong>jam</strong></span> <span class='ocrx_word' id='word_1_197' title='bbox 381 2961 624 3017; x_wconf 88' lang='lat' dir='ltr'><strong>Wellauerus</strong></span> <span class='ocrx_word' id='word_1_198' title='bbox 647 2962 813 3026; x_wconf 74' lang='lat' dir='ltr'><strong>dubitabat,</strong></span> <span class='ocrx_word' id='word_1_199' title='bbox 848 2964 937 3016; x_wconf 82' lang='lat' dir='ltr'><strong>verba</strong></span> <span class='ocrx_word' id='word_1_200' title='bbox 962 2963 1061 3017; x_wconf 82' lang='lat' dir='ltr'><strong>mutila</strong></span> <span class='ocrx_word' id='word_1_201' title='bbox 1086 2975 1149 3015; x_wconf 90' lang='lat' dir='ltr'><strong>esse</strong></span> <span class='ocrx_word' id='word_1_202' title='bbox 1172 2975 1241 3031; x_wconf 91' lang='lat' dir='ltr'><strong>pro·</strong></span> 
     </span>
     <span class='ocr_line' id='line_1_34' title="bbox 307 3029 1240 3100; baseline -0.003 -16"><span class='ocrx_word' id='word_1_203' title='bbox 307 3031 447 3095; x_wconf 87' lang='lat' dir='ltr'><strong>clamans,</strong></span> <span class='ocrx_word' id='word_1_204' title='bbox 466 3039 497 3085; x_wconf 91' lang='lat' dir='ltr'><strong>et</strong></span> <span class='ocrx_word' id='word_1_205' title='bbox 514 3047 568 3098; x_wconf 81' lang='lat' dir='ltr'><strong>ego</strong></span> <span class='ocrx_word' id='word_1_206' title='bbox 587 3047 700 3098; x_wconf 88' lang='lat' dir='ltr'><strong>quoque</strong></span> <span class='ocrx_word' id='word_1_207' title='bbox 718 3030 836 3098; x_wconf 87' lang='lat' dir='ltr'><strong>dubito,</strong></span> <span class='ocrx_word' id='word_1_208' title='bbox 854 3049 910 3086; x_wconf 90' lang='lat' dir='ltr'><strong>non</strong></span> <span class='ocrx_word' id='word_1_209' title='bbox 928 3036 1003 3100; x_wconf 86' lang='lat' dir='ltr'><strong>quod</strong></span> <span class='ocrx_word' id='word_1_210' title='bbox 1021 3033 1094 3086; x_wconf 87' lang='lat' dir='ltr'><strong>bunc</strong></span> <span class='ocrx_word' id='word_1_211' title='bbox 1111 3029 1169 3084; x_wconf 88' lang='lat' dir='ltr'><strong>viri</strong></span> <span class='ocrx_word' id='word_1_212' title='bbox 1188 3029 1240 3082; x_wconf 92' lang='lat' dir='ltr'><strong>do·</strong></span> 
     </span>
     <span class='ocr_line' id='line_1_35' title="bbox 306 3098 1242 3173; baseline -0.005 -19"><span class='ocrx_word' id='word_1_213' title='bbox 306 3099 348 3154; x_wconf 88' lang='lat' dir='ltr'><strong>cti</strong></span> <span class='ocrx_word' id='word_1_214' title='bbox 365 3099 559 3171; x_wconf 88' lang='lat' dir='ltr'><strong>suspicionem</strong></span> <span class='ocrx_word' id='word_1_215' title='bbox 576 3099 683 3154; x_wconf 78' lang='lat' dir='ltr'><strong>firmam</strong></span> <span class='ocrx_word' id='word_1_216' title='bbox 701 3115 766 3154; x_wconf 84' lang='lat' dir='ltr'><strong>esse</strong></span> <span class='ocrx_word' id='word_1_217' title='bbox 785 3111 899 3173; x_wconf 89' lang='lat' dir='ltr'><strong>putem,</strong></span> <span class='ocrx_word' id='word_1_218' title='bbox 929 3102 981 3156; x_wconf 87' lang='lat' dir='ltr'><strong>sed</strong></span> <span class='ocrx_word' id='word_1_219' title='bbox 1008 3100 1073 3170; x_wconf 89' lang='lat' dir='ltr'><strong>quia</strong></span> <span class='ocrx_word' id='word_1_220' title='bbox 1090 3098 1189 3154; x_wconf 88' lang='lat' dir='ltr'><strong>nescio</strong></span> <span class='ocrx_word' id='word_1_221' title='bbox 1205 3113 1242 3150; x_wconf 82' lang='lat' dir='ltr'><strong>an</strong></span> 
     </span>
     <span class='ocr_line' id='line_1_36' title="bbox 208 3162 1240 3239; baseline -0.005 -15"><span class='ocrx_word' id='word_1_222' title='bbox 208 3222 210 3224; x_wconf 83' lang='lat'>.</span> <span class='ocrx_word' id='word_1_223' title='bbox 305 3169 480 3223; x_wconf 83' lang='lat' dir='ltr'><strong>scholiastes</strong></span> <span class='ocrx_word' id='word_1_224' title='bbox 506 3166 604 3239; x_wconf 86' lang='lat' dir='ltr'><strong>potius</strong></span> <span class='ocrx_word' id='word_1_225' title='bbox 622 3169 767 3235; x_wconf 81' lang='lat' dir='ltr'><strong>voluerit,</strong></span> <span class='ocrx_word' id='word_1_226' title='bbox 803 3168 879 3223; x_wconf 85' lang='lat' dir='ltr'><strong>nibil</strong></span> <span class='ocrx_word' id='word_1_227' title='bbox 904 3170 961 3224; x_wconf 92' lang='lat' dir='ltr'><strong>nisi</strong></span> <span class='ocrx_word' id='word_1_228' title='bbox 985 3171 1101 3224; x_wconf 81' lang='lat' dir='ltr'><strong>verbum</strong></span> <span class='ocrx_word' id='word_1_229' title='bbox 1124 3162 1176 3234; x_wconf 75' lang='grc' dir='ltr'><strong>ὅρα</strong></span> <span class='ocrx_word' id='word_1_230' title='bbox 1193 3167 1240 3220; x_wconf 93' lang='lat' dir='ltr'><strong>bis</strong></span> 
     </span>
     <span class='ocr_line' id='line_1_37' title="bbox 307 3238 1243 3308; baseline -0.003 -17"><span class='ocrx_word' id='word_1_231' title='bbox 307 3239 342 3292; x_wconf 91' lang='lat' dir='ltr'><strong>ab</strong></span> <span class='ocrx_word' id='word_1_232' title='bbox 362 3238 459 3291; x_wconf 88' lang='lat' dir='ltr'><strong>eadem</strong></span> <span class='ocrx_word' id='word_1_233' title='bbox 476 3254 601 3308; x_wconf 89' lang='lat' dir='ltr'><strong>persona</strong></span> <span class='ocrx_word' id='word_1_234' title='bbox 618 3238 834 3308; x_wconf 87' lang='lat' dir='ltr'><strong>pronunciatum</strong></span> <span class='ocrx_word' id='word_1_235' title='bbox 853 3240 954 3305; x_wconf 80' lang='lat' dir='ltr'><strong>tuisse,</strong></span> <span class='ocrx_word' id='word_1_236' title='bbox 973 3240 1048 3308; x_wconf 86' lang='lat' dir='ltr'><strong>quod</strong></span> <span class='ocrx_word' id='word_1_237' title='bbox 1068 3247 1098 3293; x_wconf 93' lang='lat' dir='ltr'><strong>ut</strong></span> <span class='ocrx_word' id='word_1_238' title='bbox 1110 3238 1243 3293; x_wconf 88' lang='lat' dir='ltr'><strong>crederet</strong></span> 
     </span>
     <span class='ocr_line' id='line_1_38' title="bbox 306 3305 1242 3378; baseline -0.002 -17"><span class='ocrx_word' id='word_1_239' title='bbox 306 3320 392 3373; x_wconf 87' lang='lat' dir='ltr'><strong>atque</strong></span> <span class='ocrx_word' id='word_1_240' title='bbox 418 3308 568 3362; x_wconf 85' lang='lat' dir='ltr'><strong>adnotaret</strong></span> <span class='ocrx_word' id='word_1_241' title='bbox 592 3305 699 3361; x_wconf 83' lang='lat' dir='ltr'><strong>iecisse</strong></span> <span class='ocrx_word' id='word_1_242' title='bbox 723 3307 838 3364; x_wconf 86' lang='lat' dir='ltr'><strong>videtur</strong></span> <span class='ocrx_word' id='word_1_243' title='bbox 863 3310 940 3377; x_wconf 83' lang='lat' dir='ltr'><strong>quod</strong></span> <span class='ocrx_word' id='word_1_244' title='bbox 966 3311 1076 3378; x_wconf 77' lang='lat' dir='ltr'><strong>adiecta</strong></span> <span class='ocrx_word' id='word_1_245' title='bbox 1103 3306 1242 3362; x_wconf 84' lang='lat' dir='ltr'><strong>voeabula</strong></span> 
     </span>
     <span class='ocr_line' id='line_1_39' title="bbox 306 3365 1241 3460; baseline 0 -31"><span class='ocrx_word' id='word_1_246' title='bbox 306 3372 373 3446; x_wconf 75' lang='grc' dir='ltr'><strong>μάλ’</strong></span> <span class='ocrx_word' id='word_1_247' title='bbox 390 3365 425 3429; x_wconf 69' lang='grc' dir='ltr'><strong>αὖ</strong></span> <span class='ocrx_word' id='word_1_248' title='bbox 442 3374 701 3460; x_wconf 84' lang='lat' dir='ltr'><strong>interpretabatur:</strong></span> <span class='ocrx_word' id='word_1_249' title='bbox 726 3378 839 3432; x_wconf 89' lang='lat' dir='ltr'><strong>denuo</strong></span> <span class='ocrx_word' id='word_1_250' title='bbox 857 3377 947 3433; x_wconf 89' lang='lat' dir='ltr'><strong>dioc.</strong></span> <span class='ocrx_word' id='word_1_251' title='bbox 982 3379 1061 3447; x_wconf 83' lang='lat' dir='ltr'><strong>Ergo</strong></span> <span class='ocrx_word' id='word_1_252' title='bbox 1079 3379 1106 3432; x_wconf 88' lang='lat' dir='ltr'><strong>si</strong></span> <span class='ocrx_word' id='word_1_253' title='bbox 1125 3392 1241 3439; x_wconf 85' lang='lat' dir='ltr'><strong>comma,</strong></span> 
     </span>
     <span class='ocr_line' id='line_1_40' title="bbox 306 3443 1242 3517; baseline -0.001 -18"><span class='ocrx_word' id='word_1_254' title='bbox 306 3445 382 3513; x_wconf 87' lang='lat' dir='ltr'><strong>quod</strong></span> <span class='ocrx_word' id='word_1_255' title='bbox 401 3455 446 3499; x_wconf 91' lang='lat' dir='ltr'><strong>est</strong></span> <span class='ocrx_word' id='word_1_256' title='bbox 463 3446 499 3498; x_wconf 91' lang='lat' dir='ltr'><strong>ab</strong></span> <span class='ocrx_word' id='word_1_257' title='bbox 521 3465 573 3513; x_wconf 79' lang='lat' dir='ltr'><strong>opa</strong></span> <span class='ocrx_word' id='word_1_258' title='bbox 589 3461 680 3513; x_wconf 88' lang='lat' dir='ltr'><strong>usque</strong></span> <span class='ocrx_word' id='word_1_259' title='bbox 705 3447 740 3500; x_wconf 93' lang='lat' dir='ltr'><strong>ad</strong></span> <span class='ocrx_word' id='word_1_260' title='bbox 765 3443 871 3513; x_wconf 69' lang='lat' dir='ltr'><strong>deirae,</strong></span> <span class='ocrx_word' id='word_1_261' title='bbox 906 3465 961 3502; x_wconf 93' lang='lat' dir='ltr'><strong>non</strong></span> <span class='ocrx_word' id='word_1_262' title='bbox 987 3448 1080 3504; x_wconf 88' lang='lat' dir='ltr'><strong>eidem</strong></span> <span class='ocrx_word' id='word_1_263' title='bbox 1101 3459 1242 3517; x_wconf 84' lang='lat' dir='ltr'><strong>personae</strong></span> 
     </span>
     <span class='ocr_line' id='line_1_41' title="bbox 305 3514 1239 3587; baseline 0.003 -18"><span class='ocrx_word' id='word_1_264' title='bbox 305 3514 473 3581; x_wconf 85' lang='lat' dir='ltr'><strong>tribuimus,</strong></span> <span class='ocrx_word' id='word_1_265' title='bbox 510 3518 591 3583; x_wconf 86' lang='lat' dir='ltr'><strong>eujus</strong></span> <span class='ocrx_word' id='word_1_266' title='bbox 623 3516 825 3587; x_wconf 88' lang='lat' dir='ltr'><strong>praecedentes</strong></span> <span class='ocrx_word' id='word_1_267' title='bbox 858 3517 981 3572; x_wconf 88' lang='lat' dir='ltr'><strong>trimetri</strong></span> <span class='ocrx_word' id='word_1_268' title='bbox 1017 3515 1239 3582; x_wconf 70' lang='lat' dir='ltr'><strong>iambicinum,</strong></span> 
     </span>
     <span class='ocr_line' id='line_1_42' title="bbox 309 3585 1240 3654; baseline 0.002 -16"><span class='ocrx_word' id='word_1_269' title='bbox 309 3586 353 3638; x_wconf 84' lang='lat' dir='ltr'><strong>vei</strong></span> <span class='ocrx_word' id='word_1_270' title='bbox 383 3595 449 3638; x_wconf 88' lang='lat' dir='ltr'><strong>octo</strong></span> <span class='ocrx_word' id='word_1_271' title='bbox 476 3585 523 3637; x_wconf 82' lang='lat' dir='ltr'><strong>vei</strong></span> <span class='ocrx_word' id='word_1_272' title='bbox 546 3601 645 3638; x_wconf 84' lang='lat' dir='ltr'><strong>norem</strong></span> <span class='ocrx_word' id='word_1_273' title='bbox 672 3585 775 3640; x_wconf 82' lang='lat' dir='ltr'><strong>Furias</strong></span> <span class='ocrx_word' id='word_1_274' title='bbox 800 3586 934 3641; x_wconf 87' lang='lat' dir='ltr'><strong>babemus</strong></span> <span class='ocrx_word' id='word_1_275' title='bbox 959 3587 1072 3654; x_wconf 83' lang='lat' dir='ltr'><strong>aliquid</strong></span> <span class='ocrx_word' id='word_1_276' title='bbox 1100 3587 1240 3643; x_wconf 84' lang='lat' dir='ltr'><strong>dicentes.</strong></span> 
     </span>
     <span class='ocr_line' id='line_1_43' title="bbox 307 3651 1241 3726; baseline 0.001 -18"><span class='ocrx_word' id='word_1_277' title='bbox 307 3651 363 3708; x_wconf 89' lang='lat' dir='ltr'><strong>Sed</strong></span> <span class='ocrx_word' id='word_1_278' title='bbox 384 3665 415 3708; x_wconf 88' lang='lat' dir='ltr'><strong>ut</strong></span> <span class='ocrx_word' id='word_1_279' title='bbox 430 3652 464 3706; x_wconf 91' lang='lat' dir='ltr'><strong>ad</strong></span> <span class='ocrx_word' id='word_1_280' title='bbox 484 3654 565 3722; x_wconf 89' lang='lat' dir='ltr'><strong>prius</strong></span> <span class='ocrx_word' id='word_1_281' title='bbox 580 3653 653 3708; x_wconf 88' lang='lat' dir='ltr'><strong>iilud</strong></span> <span class='ocrx_word' id='word_1_282' title='bbox 674 3665 857 3722; x_wconf 82' lang='lat' dir='ltr'><strong>transeamus,</strong></span> <span class='ocrx_word' id='word_1_283' title='bbox 877 3657 972 3726; x_wconf 86' lang='lat' dir='ltr'><strong>possis</strong></span> <span class='ocrx_word' id='word_1_284' title='bbox 992 3656 1076 3710; x_wconf 88' lang='lat' dir='ltr'><strong>etiam</strong></span> <span class='ocrx_word' id='word_1_285' title='bbox 1093 3656 1123 3711; x_wconf 89' lang='lat' dir='ltr'><strong>in</strong></span> <span class='ocrx_word' id='word_1_286' title='bbox 1143 3658 1241 3712; x_wconf 86' lang='lat' dir='ltr'><strong>decem</strong></span> 
     </span>
     <span class='ocr_line' id='line_1_44' title="bbox 306 3722 1241 3793; baseline 0.006 -19"><span class='ocrx_word' id='word_1_287' title='bbox 306 3722 408 3793; x_wconf 88' lang='lat' dir='ltr'><strong>primis</strong></span> <span class='ocrx_word' id='word_1_288' title='bbox 434 3722 568 3778; x_wconf 87' lang='lat' dir='ltr'><strong>iambicis</strong></span> <span class='ocrx_word' id='word_1_289' title='bbox 603 3723 743 3779; x_wconf 88' lang='lat' dir='ltr'><strong>trimetris</strong></span> <span class='ocrx_word' id='word_1_290' title='bbox 777 3723 833 3778; x_wconf 91' lang='lat' dir='ltr'><strong>tria</strong></span> <span class='ocrx_word' id='word_1_291' title='bbox 859 3726 904 3778; x_wconf 85' lang='lat' dir='ltr'><strong>vei</strong></span> <span class='ocrx_word' id='word_1_292' title='bbox 938 3734 1073 3793; x_wconf 85' lang='lat' dir='ltr'><strong>quattuor</strong></span> <span class='ocrx_word' id='word_1_293' title='bbox 1105 3737 1241 3782; x_wconf 83' lang='lat' dir='ltr'><strong>commata</strong></span> 
     </span>
     <span class='ocr_line' id='line_1_45' title="bbox 304 3791 1240 3863; baseline 0.004 -17"><span class='ocrx_word' id='word_1_294' title='bbox 304 3791 485 3862; x_wconf 83' lang='lat' dir='ltr'><strong>distinguere</strong></span> <span class='ocrx_word' id='word_1_295' title='bbox 504 3793 595 3857; x_wconf 86' lang='lat' dir='ltr'><strong>velle,</strong></span> <span class='ocrx_word' id='word_1_296' title='bbox 629 3805 716 3863; x_wconf 91' lang='lat' dir='ltr'><strong>prout</strong></span> <span class='ocrx_word' id='word_1_297' title='bbox 734 3809 834 3848; x_wconf 82' lang='lat' dir='ltr'><strong>versus</strong></span> <span class='ocrx_word' id='word_1_298' title='bbox 851 3795 903 3849; x_wconf 75' lang='lat' dir='ltr'><strong>tta</strong></span> <span class='ocrx_word' id='word_1_299' title='bbox 921 3806 950 3849; x_wconf 88' lang='lat' dir='ltr'><strong>et</strong></span> <span class='ocrx_word' id='word_1_300' title='bbox 969 3797 1019 3848; x_wconf 80' lang='lat' dir='ltr'><strong>stt</strong></span> <span class='ocrx_word' id='word_1_301' title='bbox 1036 3801 1083 3850; x_wconf 86' lang='lat' dir='ltr'><strong>aut</strong></span> <span class='ocrx_word' id='word_1_302' title='bbox 1103 3795 1153 3848; x_wconf 91' lang='lat' dir='ltr'><strong>uni</strong></span> <span class='ocrx_word' id='word_1_303' title='bbox 1172 3813 1240 3860; x_wconf 88' lang='lat' dir='ltr'><strong>per·</strong></span> 
     </span>
     <span class='ocr_line' id='line_1_46' title="bbox 303 3860 1241 3919; baseline 0.005 -5"><span class='ocrx_word' id='word_1_304' title='bbox 303 3869 394 3915; x_wconf 70' lang='lat' dir='ltr'><strong>&#39;sonae</strong></span> <span class='ocrx_word' id='word_1_305' title='bbox 420 3860 584 3916; x_wconf 86' lang='lat' dir='ltr'><strong>tribuuntur</strong></span> <span class='ocrx_word' id='word_1_306' title='bbox 607 3871 655 3916; x_wconf 84' lang='lat' dir='ltr'><strong>aut</strong></span> <span class='ocrx_word' id='word_1_307' title='bbox 674 3861 749 3918; x_wconf 88' lang='lat' dir='ltr'><strong>inter</strong></span> <span class='ocrx_word' id='word_1_308' title='bbox 774 3863 844 3917; x_wconf 88' lang='lat' dir='ltr'><strong>duas</strong></span> <span class='ocrx_word' id='word_1_309' title='bbox 869 3863 1050 3918; x_wconf 84' lang='lat' dir='ltr'><strong>dividuntur:</strong></span> <span class='ocrx_word' id='word_1_310' title='bbox 1086 3866 1241 3919; x_wconf 86' lang='lat' dir='ltr'><strong>secundum</strong></span> 
     </span>
     <span class='ocr_line' id='line_1_47' title="bbox 306 3929 1311 4002; baseline 0.003 -19"><span class='ocrx_word' id='word_1_311' title='bbox 306 3946 445 3986; x_wconf 76' lang='lat' dir='ltr'><strong>commas</strong></span> <span class='ocrx_word' id='word_1_312' title='bbox 463 3931 516 3986; x_wconf 84' lang='lat' dir='ltr'><strong>Vs·</strong></span> <span class='ocrx_word' id='word_1_313' title='bbox 535 3932 586 3987; x_wconf 78' lang='lat'><strong>239</strong></span> <span class='ocrx_word' id='word_1_314' title='bbox 605 3929 735 4000; x_wconf 86' lang='lat' dir='ltr'><strong>incipere</strong></span> <span class='ocrx_word' id='word_1_315' title='bbox 753 3931 844 3986; x_wconf 88' lang='lat' dir='ltr'><strong>dicas.</strong></span> <span class='ocrx_word' id='word_1_316' title='bbox 878 3931 940 3985; x_wconf 84' lang='lat' dir='ltr'><strong>Jarn</strong></span> <span class='ocrx_word' id='word_1_317' title='bbox 958 3933 1032 3986; x_wconf 88' lang='lat' dir='ltr'><strong>enim</strong></span> <span class='ocrx_word' id='word_1_318' title='bbox 1051 3950 1183 4002; x_wconf 84' lang='lat' dir='ltr'><strong>quaeram</strong></span> <span class='ocrx_word' id='word_1_319' title='bbox 1201 3936 1238 3986; x_wconf 90' lang='lat' dir='ltr'><strong>ab</strong></span> <span class='ocrx_word' id='word_1_320' title='bbox 1307 3987 1311 3996; x_wconf 78' lang='grc'><em>,</em></span> 
     </span>
     <span class='ocr_line' id='line_1_48' title="bbox 305 4001 1238 4070; baseline 0.002 -16"><span class='ocrx_word' id='word_1_321' title='bbox 305 4001 511 4066; x_wconf 84' lang='lat' dir='ltr'><strong>Hermanno,</strong></span> <span class='ocrx_word' id='word_1_322' title='bbox 546 4015 603 4070; x_wconf 84' lang='lat' dir='ltr'><strong>quo</strong></span> <span class='ocrx_word' id='word_1_323' title='bbox 628 4003 738 4057; x_wconf 85' lang='lat' dir='ltr'><strong>taudem</strong></span> <span class='ocrx_word' id='word_1_324' title='bbox 762 4003 859 4066; x_wconf 89' lang='lat' dir='ltr'><strong>modo,</strong></span> <span class='ocrx_word' id='word_1_325' title='bbox 895 4018 978 4069; x_wconf 89' lang='lat' dir='ltr'><strong>quum</strong></span> <span class='ocrx_word' id='word_1_326' title='bbox 1003 4015 1093 4058; x_wconf 86' lang='lat' dir='ltr'><strong>tamen</strong></span> <span class='ocrx_word' id='word_1_327' title='bbox 1114 4003 1238 4058; x_wconf 87' lang='lat' dir='ltr'><strong>rationis</strong></span> 
     </span>
     <span class='ocr_line' id='line_1_49' title="bbox 304 4069 1237 4140; baseline 0.001 -16"><span class='ocrx_word' id='word_1_328' title='bbox 304 4070 373 4139; x_wconf 82' lang='lat' dir='ltr'><strong>quid</strong></span> <span class='ocrx_word' id='word_1_329' title='bbox 392 4069 511 4126; x_wconf 85' lang='lat' dir='ltr'><strong>subesse</strong></span> <span class='ocrx_word' id='word_1_330' title='bbox 529 4078 658 4138; x_wconf 79' lang='lat' dir='ltr'><strong>censeat,</strong></span> <span class='ocrx_word' id='word_1_331' title='bbox 677 4088 730 4126; x_wconf 88' lang='lat' dir='ltr'><strong>cur</strong></span> <span class='ocrx_word' id='word_1_332' title='bbox 747 4071 795 4126; x_wconf 89' lang='lat' dir='ltr'><strong>hic</strong></span> <span class='ocrx_word' id='word_1_333' title='bbox 813 4069 918 4125; x_wconf 75' lang='lat' dir='ltr'><strong>Furiae</strong></span> <span class='ocrx_word' id='word_1_334' title='bbox 934 4088 990 4136; x_wconf 83' lang='lat' dir='ltr'><strong>pon</strong></span> <span class='ocrx_word' id='word_1_335' title='bbox 1010 4089 1107 4129; x_wconf 87' lang='lat' dir='ltr'><strong>omnes</strong></span> <span class='ocrx_word' id='word_1_336' title='bbox 1125 4069 1237 4140; x_wconf 87' lang='lat' dir='ltr'><strong>aliquid</strong></span> 
     </span>
    </p>
   </div>
   <div class='ocr_carea' id='block_1_5' title="bbox 0 0 1402 4692">
    <p class='ocr_par' dir='ltr' id='par_1_6' title="bbox 0 0 1402 4692">
     <span class='ocr_line' id='line_1_50' title="bbox 0 0 1402 4692; baseline 0 0"><span class='ocrx_word' id='word_1_337' title='bbox 0 0 1402 4692; x_wconf 95' lang='lat' dir='ltr'><strong> </strong></span> 
     </span>
    </p>
   </div>
  </div>
 </body>
</html>
