2728 4690
109 487 225 530 rorum
236 466 417 531 doctorum.
461 463 599 540 (lodices
614 463 702 534 anim
723 485 816 530 mser.
840 467 882 532 ad
900 463 1011 548 Υμοιιὶιι
1028 487 1139 530 ornnes

109 551 285 634 praebent:
325 547 527 634 πρόπομπον,
568 546 656 638 quod
681 551 879 624 uocabulum
907 551 1023 630 dubito
1057 573 1136 612 num

82 635 182 712 ,jure
213 643 372 696 mutatum
401 637 446 696 sit
473 637 526 697 in:
564 635 771 716 προπομπῶν,
796 657 903 718 quum
932 639 1015 699 ferri
1042 656 1137 718 posse

106 717 277 799 videatur,
314 721 342 780 si
373 739 486 782 veram
524 716 779 804 interpungendi
813 722 975 796 rationem
1006 721 1136 802 probes,

104 812 244 886 propter
276 804 552 882 alloquutionem,
586 821 668 884 quae
695 800 860 882 sequitur,
901 808 960 868 cfr.
993 803 1133 867 Seidler.

105 883 148 948 de
175 907 259 950 vers.
291 885 420 952 dochm.
449 906 480 968 p.
503 887 544 950 80
575 895 610 947 et
631 885 745 948 Herm.
776 887 869 950 elem.
901 886 1004 950 doctr.
1037 901 1131 952 metr.

101 989 137 1050 p.
161 973 246 1036 373..
287 970 540 1040 Praetereavel
570 985 630 1051 per
657 989 691 1032 so
718 978 834 1030 neutra
863 981 911 1032 est
938 973 1130 1052 probabilis.

101 1054 144 1114 In
167 1055 432 1137 priore-mireris
454 1054 628 1135 abruptum
648 1049 685 1120 id
706 1050 839 1124 dicendi
860 1075 981 1139 genus,
1006 1076 1070 1137 quo
1092 1058 1131 1134 ii,

62 1163 67 1168 -
101 1141 164 1219 qui
192 1135 291 1200 modo
313 1136 531 1214 advenerunt,
563 1147 717 1219 tanquam
739 1155 791 1198 res
813 1135 946 1199 aliunde
968 1149 1043 1198 nota
1074 1142 1135 1216 sit,¹

100 1222 214 1288 subito
235 1225 413 1300 προπομποὶ
433 1230 614 1298 vocantur,¹
640 1217 738 1301 idque
760 1240 799 1283 eo
821 1221 1056 1307 magis,„quod
1078 1225 1130 1282 in·
1172 1237 1175 1240 “

99 1309 155 1366 fra
178 1304 306 1374 demunt
326 1307 512 1370 Minervam
533 1303 683 1378 videmus
702 1323 817 1366 revera
839 1303 879 1368 de
909 1325 1129 1388 reexponere

57 1399 60 1402 '
98 1392 286 1450 accuratius
308 1390 366 1455 Vs.
389 1393 450 1468 976
471 1409 557 1470 sqq,
579 1408 597 1449 e
620 1407 684 1468 quo
705 1386 796 1464 loco,
827 1408 927 1470 quum
949 1398 1058 1450 tamen
1079 1400 1129 1451 to-

97 1481 155 1534 tus
185 1474 240 1535 illi
267 1475 417 1556 opinioni
447 1492 509 1554 pro
536 1467 638 1532 tundo
667 1469 729 1548 sit,
756 1492 798 1533 ne
825 1471 860 1532 id
882 1471 1016 1554 quidem
1036 1482 1130 1542 certo¹

96 1557 267 1638 sequitur,
295 1566 405 1619 utrum
429 1558 473 1634 ii,
507 1555 564 1637 qui
583 1556 746 1635 jamenta
774 1555 861 1618 hunc
882 1576 1012 1624 versum
1032 1577 1127 1640 prae-

95 1649 206 1701 sentes
229 1641 460 1720 perhibentur,
488 1640 622 1700 om‘nino
638 1637 810 1701 'adfuerint
831 1658 942 1718 coram
964 1650 1125 1722 spectato-

94 1725 203 1801 ribus,
225 1743 266 1782 an
288 1727 405 1789 minus.
449 1723 562 1787 Altera
583 1741 669 1794 vero-
685 1723 883 1801 conjectura,
905 1723 1128 1786 aFritnschio

94 1808 159 1867 illa
180 1808 360 1887 proposita,
383 1809 484 1868 etiam
505 1815 553 1868 est
574 1806 829 1886 improbabilior
850 1815 883 1868 et
896 1815 1008 1890 aperte
1030 1810 1122 1872 falsa.

93 1891 170 1968 Qua
202 1887 308 1966 enim',
344 1909 480 1972 quaeso,
512 1890 641 1953 ratione
662 1890 871 1976 Areopagitis
899 1890 1009 1953 subito
1033 1888 1132 1970 ‘faces'

91 1973 203 2034 tribui
233 1983 383 2054 possunt,
421 1983 454 2035 et
502 1975 552 2034 uis
584 1971 783 2051 crediderit,
815 1993 889 2054 eos,
922 1976 979 2056 qui
1011 1983 1131 2056 postea,

90 2055 225 2118 demum
239 2058 369 2119 verbis:
390 1997 513 2136 doeio}
528 2055 715 2136 aipeinde—
726 2057 881 2138 μετοίκοις
902 2059 1126 2139 appellantur,¹

87 2141 159 2218 jam
190 2139 253 2202 hoc
281 2142 515 2204 looovocatos
544 2160 629 2202 esse:
656 2141 752 2205 τῶνδε
777 2145 987 2222 προπομπῶνῒ
1030 2143 1120 2224 Quae

89 2242 195 2303 quum
211 2225 275 2284 ita
301 2226 385 2301 sint,
413 2225 528 2290 velex
556 2225 628 2304 ipsa
653 2226 723 2286 loci
750 2224 864 2288 indole
885 2227 1051 2308 sequitur,
1083 2237 1128 2292 ut.

87 2308 227 2391 vulgata
244 2311 425 2370 correctio:
448 2308 638 2390 προπομπῶν
650 2329 718 2371 non
733 2311 778 2370 sit
795 2307 1008 2386 admittenda,
1031 2329 1118 2386 uam,

87 2410 176 2471 quae
196 2401 328 2474 praeter
354 2393 428 2454 illas
449 2394 520 2454 sola
541 2399 643 2456 restat
664 2389 852 2472 explicandi
879 2394 991 2467 ratio,¹
1018 2401 1056 2454 ut
1077 2391 1119 2457 ad

84 2473 286 2538 Eumenides
307 2481 473 2538 referatur
493 2474 701 2552 vocabulum,
723 2477 886 2558 quamsit
906 2477 1119 2558 ineptacon-

85 2566 263 2640 tortaque,
285 2563 449 2622 neminem
470 2561 566 2644 fugit.
665 2617 668 2626 ,
1026 2582 1029 2590 ’

173 2641 248 2704 Jam
277 2664 357 2706 vero
387 2643 550 2706 dubitatio
579 2643 706 2716 oritur,
735 2659 890 2724 quorsum
919 2641 1115 2718 trahendum

83 2726 131 2788 sit
160 2727 297 2788 verbum
323 2728 434 2802 τῶνδε,
467 2736 579 2789 utrum
610 2723 785 2800 advoces:
822 2721 902 2805 πρὸς
929 2729 997 2808 poio
1017 2725 1112 2810 ἱερὸν,

84 2831 129 2872 au
153 2809 194 2872 ad
216 2821 418 2892 sequentem:
448 2806 643 2892 πμοπομπόν.
699 2809 763 2870 Per
783 2807 819 2871 id
839 2819 929 2890 patet
949 2815 1128 2884 nerninem

86 2893 242 2955 denotari
273 2896 338 2956 nisi
365 2893 571 2958 Eumenides.
637 2891 809 2958 Convertit
840 2896 927 2956 enim
958 2893 1114 2959 Minerva

86 2977 165 3042 inde
186 2978 351 3042 amerbis:
383 2978 534 3062 προτέραν
556 2973 581 3038 δ’
602 2975 654 3056 ἐμὲ
674 2973 733 3060 yon*
755 2997 863 3058 usque,
879 2976 953 3044 acl:¹
972 3003 1112 3062 προπομ-

85 3057 144 3123 πόν
165 3064 349 3123 orationem
370 3062 410 3122 ab
431 3059 662 3125 Eumenidibus
683 3060 725 3122 ad
753 3057 962 3143 spectatores.
1014 3063 1111 3126 Vidi·

84 3165 157 3208 mus
177 3155 285 3212 autem
307 3148 371 3224 jam
393 3166 492 3228 supra
512 3167 544 3227 p.
563 3149 612 3222 16,
634 3143 867 3212 Eumenidibus
888 3145 929 3220 ab
946 3147 1109 3226 Aeschylo

83 3231 173 3291 facee
192 3232 291 3292 fuisse
313 3230 470 3305 tributas,
499 3239 537 3290 ut
563 3230 660 3310 prior
679 3229 854 3298 verborum
875 3229 1119 3308 construendo-¹

83 3333 157 3374 rum
186 3313 306 3376 modus
324 3322 411 3377 certe
441 3315 546 3396 possit
565 3314 677 3376 statui.
742 3313 949 3394 Inquiramus
977 3315 1041 3392 jam
1071 3315 1108 3377 in

85 3415 139 3457 eos
161 3402 266 3475 locos,
293 3398 351 3459 ubi
373 3395 508 3480 insuper
527 3399 648 3460 facium
669 3395 706 3458 fit
727 3397 862 3460 mentio.
912 3397 953 3460 Et
972 3398 1122 3460 simini..

85 3499 154 3542 mue
175 3478 308 3564 quidem
328 3490 442 3545 nostro
464 3490 529 3561 est,
550 3482 609 3563 qui
629 3482 753 3583 legitur
773 3479 850 3541 inde
871 3499 891 3542 a
911 3501 1009 3544 versu
1025 3483 1105 3560 9763

204 3565 315 3648 πέμψω
336 3588 367 3626 τε
389 3564 524 3648 φέγγεν
544 3564 755 3643 laomedon
776 3563 1036 3648 σελαςφὸρων
1115 3619 1119 3627 .

208 3651 251 3722 οἷς
272 3647 348 3722 rodo
367 3646 473 3728 ἔνερθε
495 3649 549 3711 καὶ
568 3646 649 3709 κάτω
670 3643 788 3730 ogdoade
808 3644 932 3726 τόπους,

107 3769 110 3776 ⁴
206 3729 260 3808 ξῦν
279 3730 517 3814 προσπόλοισιν,
542 3738 605 3795 αἵτε
627 3733 819 3814 φρουροῦσνν
840 3732 952 3816 βρέτας

203 3815 475 3898 τοὺμὸν;δνκαιόνς.
536 3867 540 3875 .

81 3897 251 3965 Praeterea
270 3901 335 3962 huo
355 3905 500 3984 pertinet
519 3923 632 3965 versus
654 3903 733 3969 983:
950 3977 959 4000 ς

197 3981 460 4068 ·τνμᾶνε,,καὶ,τὸ
483 3981 836 4070 φέγγοςορμάσθμ
859 4004 1022 4064 quood„
1091 4041 1105 4055 ,.
1174 3997 1176 4004 ’
