2652 4688
1026 369 1103 448 219

86 548 202 634 quibus
232 566 350 610 nomen
377 545 492 626 Σεμναῖ
520 543 732 630 obtinuisset,
772 543 1003 628 »Aeschylum
1046 545 1106 628 qui

87 635 208 696 urbica
222 635 325 718 magis
346 651 438 692 sacra
460 638 597 712 spectet,
626 632 655 690 ei
676 649 695 691 a
717 629 814 693 titulo
836 632 965 693 fabulae
986 627 1106 692 disces-
1141 654 1144 660 ·

88 721 199 794 aeris,«
223 717 282 779 illa
304 715 523 796 appellatione
546 733 698 795 »prorsus
720 715 901 777 abstinere«
925 723 1018 776 notat
1031 712 1105 791 —);

87 799 245 866 wahrsnd
266 799 320 860 die
348 796 605 883 nachlolgenden
621 797 796 885 ‘Tragileer
824 797 886 860 den
916 797 1025 861 indess
1052 799 1108 860 be-

87 882 229 947 kanntet·
249 881 466 970 gewordenen
487 881 613 945 Name'n
635 880 694 944 der
715 881 914 944 Eu‘menidcn
939 885 1001 943 mit
1021 880 1109 944 Vor-

87 969 174 1031 liebe
195 966 371 1042 beauchem
392 964 459 1025 und
480 964 663 1048 Sopuotues
685 967 743 1027 ibn
766 965 827 1026 den
844 966 1026 1030 Gb'ttiunen
1043 984 1110 1031 von

89 1051 237 1114 Kolonos
258 1053 323 1115 wie
343 1051 438 1112 einen
458 1049 738 1112 herkiimmlichen
759 1051 910 1136 beilegt.«
953 1049 1005 1112 Ad
1026 1067 1110 1131 quae

90 1138 191 1198 verba
223 1137 259 1195 in
287 1142 354 1198 not.
379 1137 418 1198 17
446 1134 526 1195 haec
553 1137 705 1216 apposuit
735 1137 799 1217 ipsi
829 1135 974 1217 propria.
1028 1133 1111 1194 »Die

11 1259 15 1266 ,
92 1217 336 1281 Grammatiker
357 1217 637 1300 (Harpolration‚
669 1216 821 1294 Photios,
852 1217 987 1294 Suidas,
1019 1217 1113 1277 nebst

91 1301 167 1364 dem
175 1305 355 1388 Argument
368 1321 410 1364 uu
421 1302 599 1381 Aeschylos
613 1301 827 1378 Eumeniden)
842 1302 945 1389 geben
960 1298 1112 1378 daher(?)

91 1388 194 1448 selbst
215 1389 262 1447 als
284 1386 393 1448 Inhalt
414 1383 473 1446 der
487 1386 755 1466 Aeschyleischen
775 1384 941 1474 Tragb'dic
962 1406 1016 1461 an,
1034 1381 1113 1444 'dass

93 1469 149 1534 die
169 1470 335 1550 Erinnyen
357 1470 428 1530 sich
449 1471 485 1530 in
512 1469 765 1533 Eumeniden
792 1466 1045 1544 vertvandelten.
1070 1465 1113 1544 (.)

91 1554 176 1615 Man
198 1554 255 1616 hat
277 1553 447 1637 desivegen
469 1551 511 1631 (t)
531 1553 614 1614 auch
637 1555 721 1614 nach
744 1555 857 1623 (immo
878 1552 968 1632 vor)
988 1551 1030 1619 V.
1042 1552 1113 1616 982.

93 1639 169 1700 eine
195 1635 310 1700 Liiclte
338 1656 589 1725 angenommen‚
631 1657 669 1698 so
701 1636 772 1699 dass
809 1658 850 1700 an
878 1635 990 1720 diesen
1012 1635 1116 1698 Stelle

92 1722 229 1784 Athena·
244 1721 298 1783 die
318 1722 484 1800 Eninnyen
503 1721 705 1784 Eumeniden
732 1731 875 1822 genennt
895 1722 986 1783 habe.
1037 1719 1116 1781 Von

94 1809 190 1868 einer
217 1805 350 1867 solchen
378 1804 492 1867 Liicke
519 1807 562 1868 ist
590 1805 669 1866 aber
696 1803 793 1867 kenne
821 1805 925 1888 Spur,
960 1802 1029 1866 und
1058 1802 1118 1866 der

97 1889 271 1968 Gedanlte‚
298 1891 444 1954 walchen
472 1889 709 1974 eingescboben
737 1891 799 1963 sei,
827 1888 945 1953 wiirde
967 1887 1042 1950 dort
1070 1889 1119 1949 al-

94 1974 151 2034 len
174 1973 456 2058 Zusammenbang
481 1977 657 2034 nerstiiren.
682 1971 738 2054 (!)«
782 1971 875 2037 Unde
896 1973 932 2033 in
954 1974 1118 2051 conjectu-

96 2076 169 2118 ram
191 2057 274 2118 abiit
295 2059 396 2139 ipsius
418 2055 549 2140 quidem
571 2059 701 2139 placitis
733 2060 873 2120 maxime
894 2053 1118 2118 accommoda-

95 2149 182 2219 tam,
210 2143 310 2202 immo
338 2151 406 2202 tam
427 2144 689 2222 convenientem,
719 2150 756 2204 ut
783 2145 853 2204 fere
874 2142 1056 2204 necessario
1079 2161 1120 2203 ex

96 2226 141 2286 iis
163 2224 310 2288 ducenda
337 2235 435 2304 esset,
471 2235 604 2289 atvero
632 2246 692 2306 per
713 2247 747 2288 se
777 2228 880 2310 ipsam
908 2235 975 2286 tam
996 2227 1120 2310 impro-

95 2309 259 2390 babilem,
286 2318 324 2370 ut
343 2317 482 2391 utraque
502 2329 554 2371 res
582 2311 766 2370 accuratius
791 2329 949 2392 perpensa
970 2310 1023 2371 vel
1050 2310 1123 2371 sola
1158 2378 1160 2382 ,

99 2392 142 2454 de
181 2394 317 2454 illorum
347 2395 487 2454 veritate
516 2391 754 2453 dubitationem
791 2411 904 2453 creare
946 2390 1120 2458 debuisset.

99 2477 150 2536 En
172 2478 243 2557 ipsa
265 2478 331 2554 ejus
353 2476 469 2536 verba:
509 2473 631 2535 »Solito
654 2495 687 2535 es
710 2494 777 2534 uun
800 2475 881 2536 nach
903 2473 976 2534 dem
1000 2473 1122 2562 Geeag-

100 2569 157 2621 ten
180 2559 274 2620 nicht
300 2557 501 2622 aweifelhaft
522 2558 732 2636 erecheinen,
761 2557 802 2618 ob
824 2557 1001 2638 Aeschylos
1022 2559 1123 2620 selbot

101 2643 173 2706 dies
202 2641 304 2705 dritte
331 2640 435 2704 Stiick
463 2641 523 2703 der
554 2641 688 2702 Orontea
720 2642 821 2702 echon
848 2645 1126 2705 ΕΤΜΕΝΙΛΕΣ

125 2736 261 2802 enaunt,
299 2724 474 2789 besonders
502 2725 585 2786 auch
614 2725 700 2786 noch
729 2724 916 2813 daswegen,
950 2725 1124 2789 weil'der

100 2749 215 2890 dhon,
245 2810 304 2873 der
332 2810 417 2872 doch
444 2808 518 2872 dem
536 2807 660 2872 Stiicke
681 2807 742 2870 den
762 2809 888 2872 Namen
915 2811 1021 2897 giebt,
1060 2812 1124 2872 bis

102 2915 177 2958 ans
204 2893 315 2958 Ende
342 2894 409 2956 die
441 2893 824 2974 Erinnyen-Maske
850 2894 997 2956 bebiilt
1023 2894 1123 2975 (944),
1193 2933 1196 2938 -

102 2978 174 3041 und
194 2979 266 3042 sich
287 2979 382 3042 nicht
402 2988 497 3054 etna,
518 2979 584 3041 wie
605 2997 679 3037 man
695 2997 929 3065 angenommen
950 2977 1017 3054 bat,
1039 2979 1125 3040 auch

101 3064 282 3126 liusserlich
304 3066 339 3124 in
358 3060 559 3128 Eumenidcu
580 3061 820 3128 verwandelttt
844 3063 881 3143 *)
932 3059 989 3124 Sic
1010 3063 1068 3126 ille
1089 3065 1126 3125 in

140 3332 173 3400 *l
207 3332 271 3387 lloc
287 3329 424 3384 Muellerl
441 3327 593 3401 παράδοξον
611 3333 699 3387 verbo
718 3329 826 3386 notavit
843 3331 1034 3400 Hermannus,
1054 3333 1128 3392 tust-

209 3418 242 3456 us
260 3400 438 3455 Fritzschius
456 3402 629 3473 oppugnavit
646 3403 666 3457 l.
684 3419 708 3455 c.
729 3419 755 3482 p.
772 3403 829 3455 135.
876 3404 914 3457 Et
938 3405 1041 3457 nollem
1060 3420 1128 3458 sane

208 3472 369 3528 Muellerus
388 3486 420 3523 re
437 3470 472 3522 ab
491 3471 662 3526 adversariis
680 3483 782 3524 acrites
804 3471 961 3542 improbata
978 3472 1062 3528 etiam
1079 3489 1129 3528 au·

211 3540 313 3595 (lacior
330 3540 420 3594 lactus
440 3552 530 3604 esset,
554 3540 609 3595 vid·
627 3539 745 3611 append.
772 3557 798 3610 p.
815 3543 858 3595 29.
901 3541 1039 3608 Equidem
1057 3559 1129 3598 non-

209 3609 265 3666 nisi
285 3612 338 3664 boc
357 3623 437 3661 unum
456 3611 573 3662 monebo
591 3610 726 3664 adversus
746 3625 793 3674 ea,
817 3625 889 3674 quae
906 3613 959 3664 sub
977 3611 1058 3665 finem
1077 3629 1129 3680 po·

210 3681 267 3734 sita
284 3688 362 3742 sunt,
389 3678 508 3731 nondum
534 3690 712 3749 praereptum
736 3678 770 3731 ab
796 3679 872 3732 aliis.
926 3679 1061 3748 signatur
1086 3679 1130 3734 ibi

209 3747 397 3813 Klausenius,
416 3748 465 3815 qui
486 3748 505 3801 l.
524 3747 734 3816 ascripserat:
764 3746 889 3802 =Versus
906 3749 1019 3802 fabulae
1037 3749 1130 3816 finem,

157 3845 162 3860 =
210 3819 260 3872 ubi
279 3818 397 3872 animum
415 3828 445 3872 et
464 3816 586 3870 indolem
606 3827 711 3870 mutent
728 3815 884 3878 (Furiae
910 3817 1050 3881 deificet),
1078 3819 1130 3872 ha·

209 3888 301 3942 bitum
320 3886 401 3941 etiam
419 3886 516 3953 aliqua
543 3886 654 3940 ratione
678 3894 808 3938 mutatum
827 3903 891 3941 esse
919 3897 1131 3942 consentaneum

211 3969 272 4011 est:
302 3967 331 4008 ut
350 3973 387 4009 ex
407 3956 542 4010 Arcadum
562 3955 660 4008 fabula
680 3953 778 4008 Oresti
797 3966 876 4010 antea
894 3956 1004 4024 nigris,
1027 3956 1132 4012 deinde

212 4023 343 4079 candidis
356 4025 491 4078 ¹uestibus
516 4023 630 4078 indutae
656 4023 844 4093 apparebant,
872 4025 958 4080 Paos.
976 4023 1064 4091 Vlll,
1087 4027 1131 4091 34,

209 4097 250 4150 b«
286 4092 369 4148 Hunc
388 4093 477 4163 igitur
496 4105 526 4150 ut
544 4111 598 4148 uno
618 4103 750 4164 respectu
768 4109 880 4150 errasse
899 4095 1064 4164 concedam,
1086 4093 1133 4150 ni·
