2794 4692
971 391 975 406 .
1020 283 1151 429 ox'vn

121 598 417 619 ‚um

160 731 163 738 ·
222 689 351 769 iungitur
365 705 431 757 vice
446 707 522 771 ejus,
541 701 590 772 qui
607 701 716 774 ἡγεμόν’
730 702 779 758 τοῦ
793 703 966 774 dmddtnptov
981 709 1148 780 appellaba-

177 799 182 808 ·
223 783 286 837 tur,
305 775 381 839 quod
400 789 497 828 munus
515 775 589 844 apud
606 774 786 845 Areopagum
804 776 903 831 obibat
920 779 1026 830 archon
1046 795 1147 832 secun·

222 842 291 904 dus,
322 840 443 909 βασιλεῦς
460 842 507 910 qui
526 843 684 896 dicebatur.
727 845 790 898 lioo
808 845 920 898 nomine
937 863 975 900 ex
993 847 1095 900 ordine
1113 864 1148 901 ea

220 910 350 979 peragit,
370 928 441 978 quae
459 912 533 966 locis
548 913 604 978 jam
622 912 652 966 in
669 914 783 967 Adnott.
802 931 828 984 p.
850 917 897 967 ltt
916 915 1058 984 congestis
1077 917 1148 968 satis

222 978 354 1032 dilucide
378 981 576 1049 designantur,
613 991 695 1036 extra
722 983 849 1036 ordinem
868 985 1032 1053 Apollinem
1050 985 1148 1038 subito

115 1051 119 1058 '
221 1047 251 1099 in
274 1049 411 1112 judicium
438 1052 595 1104 uenientem
619 1053 773 1120 compellat
792 1053 842 1107 Vs.
860 1053 909 1106 tut
929 1067 972 1120 sq.
1007 1055 1046 1122 Et
1063 1055 1100 1106 ob
1119 1053 1147 1107 id

221 1117 325 1184 ipsum,
345 1120 420 1184 quod
439 1119 584 1174 archonti's
603 1121 682 1189 regis
701 1122 791 1174 vicem
811 1122 924 1191 implet,
944 1138 998 1176 nou
1018 1125 1147 1202 Areopa·

220 1186 312 1252 gitae,
347 1203 402 1241 non
426 1189 495 1243 licet
519 1205 642 1253 sumere,
681 1205 891 1254 caronnacum
906 1192 956 1244 liis
980 1203 1147 1246 senteutiam

221 1254 337 1320 tulisse,
372 1258 401 1309 id
421 1259 494 1324 quod
517 1262 574 1325 jam
600 1258 823 1328 significavimus
847 1261 1001 1315 Adnott.‘l.
1023 1279 1047 1314 c.
1100 1260 1146 1312 De

133 1346 136 1354 ·
191 1325 462 1388 'quobocaddam
481 1329 627 1383 hocloco.
672 1327 796 1382 Scilicet
811 1331 865 1393 jam
884 1329 1103 1384 Meursiusl.
1121 1345 1146 1382 c.

146 1397 151 1406 '
212 1406 250 1460 p.
269 1395 351 1459 2103,
372 1393 513 1449 »sistebat
531 1407 654 1458 autenm«
673 1397 783 1464 inquit,
804 1411 885 1449 »reos
904 1397 999 1451 coedis
1018 1393 1147 1452 Bousiris

164 1479 167 1488 ⁴
221 1460 272 1526 qui
288 1461 453 1528 dicebatur,
490 1475 537 1528 et,
566 1465 697 1534 deposita
714 1481 831 1529 corona,
858 1481 929 1518 cum
949 1465 1145 1537 Areopagi·

115 1550 118 1560 ·
222 1529 274 1582 tis
299 1529 391 1598 ipsis
418 1532 682 1598 judicabat.r—
735 1535 913 1587 ‘l'ostimonio
944 1534 1146 1590 alier‘t'verbu

218 1596 368 1663 Pollucis,
387 1617 459 1665 quae
478 1603 610 1668 leguntur
629 1602 717 1666 vltl,
736 1605 784 1669 9⁰,
810 1605 923 1656 haecce:
959 1600 1148 1660 Kalsdrrob'
1228 1623 1235 1632 ·

224 1664 307 1730 φόνου
324 1664 396 1719 diuos
414 1665 439 1731 (ὅ
455 1668 589 1736 βασιλεύς)
607 1668 644 1724 ait
654 1667 769 1735 Ἀρειον
785 1668 873 1739 πάγον
896 1668 1003 1740 siroiytt'·
1036 1679 1080 1724 stul
1097 1669 1147 1724 τόν

220 1738 351 1800 στέφανον
373 1734 541 1806 ἀποθέμενος
563 1737 610 1791 οὖν
627 1737 719 1798 aiacis
742 1737 854 1803 δικάζει.
907 1742 1063 1802 Etrerera
1081 1757 1145 1793 ver·

221 1804 286 1883 bum
304 1801 405 1867 δικάζει
426 1807 468 1860 sle
489 1809 612 1877 positum
637 1809 736 1876 nequit
755 1827 789 1862 eo
813 1825 896 1864 sensu
917 1809 1026 1931 accipi,
1063 1826 1145 1877 quem

221 1872 279 1924 slbr
307 1875 418 1942 flagitat
443 1877 539 1936 eodem
562 1880 628 1932 loco
656 1879 685 1931 in
712 1877 820 1932 verbis:
855 1876 956 1942 δικάζει
995 1878 1007 1931 i
1030 1885 1075 1932 καὶ
1097 1877 1146 1932 cris

218 1938 494 2067 τῗνιᾰψῦχωιξέκαε
504 1944 525 2068 (ili
541 1943 695 2070 lipcr‘iuu's,S
713 1945 984 2070 {illugtratulmbiglum
1003 1963 1019 2002 a
1036 1949 1066 2009 M
1071 1965 1144 2070 pap

218 2026 391 2068 r.c..
453 2031 579 2079 ,ano.
617 2055 623 2065 .
659 2033 712 2068 ·e
786 2033 821 2070 uo
869 2031 1043 2070 trinscr.
1083 2033 1145 2070 ese

219 2031 388 2135 lirenates
416 2099 468 2154 pro
500 2085 655 2153 postremis
686 2086 783 2144 verbis
813 2087 963 2156 praebent:
1000 2082 1047 2142 oris
1071 2081 1146 2154 αὐτῷ

218 2144 323 2213 litote,
356 2167 427 2218 quae
446 2153 588 2223 scriptura
610 2171 705 2208 rerum
730 2155 878 2209 continere
899 2155 1029 2220 uidetur,
1061 2156 1145 2208 ruodo

217 2233 272 2284 pro
299 2232 441 2288 postremo
464 2223 566 2289 verbo,
603 2223 777 2292 quodvitio
802 2225 873 2278 satis
896 2227 994 2292 aperto
1022 2225 1143 2290 laborat,

120 2295 124 2306 ’
219 2286 375 2342 scribatur:
411 2286 555 2360 ἰόιᾰζει,
585 2293 613 2345 h.
632 2312 656 2352 e.
677 2309 748 2345 cum
772 2310 811 2346 eo
836 2300 887 2359 (sc.
906 2293 1070 2362 Areopago)
1090 2309 1144 2346 so·

218 2356 275 2408 lus
301 2369 353 2413 est.
407 2361 460 2413 De*
476 2359 508 2413 re
533 2361 599 2416 vide
617 2373 688 2427 quae
709 2371 799 2430 'su'prs
816 2361 976 2432 psxcvtt
1001 2360 1144 2430 disputata

174 2452 177 2460 ·
209 2421 306 2478 *sunt'
346 2429 531 2499 Areopagitas
557 2429 706 2483 duodecim
734 2431 824 2482 luisse
849 2445 964 2482 numero
991 2430 1143 2500 probabile

218 2505 276 2558 est,
295 2496 409 2549 dubium
428 2509 533 2566 tamen,
553 2499 768 2570 possitnebaee
787 2513 833 2551 res
853 2499 986 2552 dontinuo
1005 2498 1079 2560 inter
1096 2515 1144 2551 ar-

218 2575 349 2628 gumenta
375 2567 489 2633 afferri,
526 2569 628 2638 quibus
653 2567 812 2622 verisimile
836 2567 901 2632 fiat,
938 2567 1019 2622 illum
1045 2583 1144 2620 revera

218 2631 391 2700 primitivum
424 2635 515 2690 tuisse
543 2637 640 2691 curiae
666 2636 888 2706 Areopagiticne
916 2651 1075 2700 numerum,
1113 2635 1143 2688 id

218 2705 292 2765 quod
311 2703 377 2756 aliis
401 2704 436 2758 de
462 2707 572 2760 caussis
591 2706 748 2773 conjiciunt
766 2706 1025 2768 Huellmannus
1050 2706 1078 2758 in
1102 2703 1142 2757 li·

220 2769 289 2832 bro,
317 2772 363 2825 cui
383 2773 483 2827 titulus
501 2785 559 2829 est:
598 2774 823 2844 »Urgeschichte
841 2774 891 2828 des
910 2773 1034 2838 staats«
1062 2791 1089 2843 p.
1108 2773 1144 2827 tt

135 2861 138 2872 ·
219 2849 249 2891 et
274 2839 478 2896 Muellerus
502 2846 522 2897 l.
547 2863 571 2899 c.
600 2861 626 2914 p.
648 2847 696 2899 168
723 2855 752 2897 et
777 2845 931 2897 adnot-17.
985 2841 1142 2897 Praeconis

219 2907 317 2962 curiae
336 2911 557 2982 Areopagiticae
583 2913 666 2968 etiam
692 2911 766 2966 alibi
791 2911 896 2966 mentio
924 2912 972 2976 iit,
1009 2929 1061 2965 nuc
1089 2913 1141 2964 du-

219 2976 296 3028 bium
315 2979 441 3048 videtur,
469 2981 538 3049 quin
557 2985 619 3050 ejus
638 2981 666 3036 in
685 2985 850 3064 Areopago,
883 2981 995 3052 pariter
1010 2991 1093 3060 atque
1112 2981 1141 3032 in

219 3045 286 3097 aliis
311 3047 447 3115 judiciis,
484 3054 566 3121 plura
591 3069 629 3104 ex
655 3051 693 3104 iis
719 3051 826 3104 officiis
852 3049 959 3104 luerint
981 3065 1093 3103 nornine
1113 3060 1141 3102 et

216 3117 297 3180 jussu
317 3117 609 3188 regls'exsequenda,
643 3119 762 3187 quaein
781 3121 834 3172 bac
851 3134 950 3172 caussa
968 3134 983 3170 a
1002 3119 1064 3171 sola
1083 3117 1141 3174 Mi-

217 3199 303 3236 nerva
322 3185 512 3254 recipiuntur,
548 3191 597 3244 sed
617 3191 792 3260 Aeschylus,
816 3205 898 3258 quum
918 3197 1044 3254 quartum
1063 3197 1141 3240 acto·

218 3269 277 3305 rem
295 3256 407 3308 addere·
425 3257 531 3323 nollet,
589 3259 701 3312 raeconi
723 3257 779 3312 tale
805 3269 908 3318 tantum
928 3257 1055 3314 tribuere
1074 3255 1140 3309 offr-

218 3322 292 3374 cium
324 3336 456 3392 poterat,
500 3277 586 3394 quoi)
611 3327 718 3398 agendo
754 3327 856 3386 confici
891 3337 998 3397 postet.¹
1062 3326 1140 3380 Quae

217 3391 403 3447 ratiocinatio
426 3395 510 3448 simul
536 3396 668 3449 adbiberi
695 3396 803 3472 poterit
829 3397 863 3448 ud
882 3411 930 3461 ea,
967 3409 1139 3463 qnaetsupe-
1198 3413 1200 3420 ¹

215 3458 276 3512 rius
293 3478 319 3531 p.
337 3461 448 3517 uxvtt
465 3481 527 3531 sqq.
547 3463 766 3534 disputavimus,
797 3477 869 3518 nuvo
891 3475 1054 3532 argumento
1072 3479 1140 3518 con·

216 3528 361 3586 firmanda.
415 3533 462 3586 De
488 3531 583 3586 Furiis
611 3545 639 3588 et
663 3535 768 3587 Oreste
793 3544 889 3613 partes
916 3531 1064 3601 agentibus
1092 3531 1140 3598 iis,

200 3613 290 3664 ·quae
304 3602 360 3666 jam
379 3601 517 3669 diximus,
547 3601 576 3656 ln
596 3601 757 3656 universum
776 3601 849 3656 nrhil
868 3601 1023 3656 addendum
1042 3609 1139 3655 restat.

173 3667 177 3676 '
216 3667 336 3722 Insolito
360 3678 388 3723 et
414 3672 545 3728 miraest
569 3671 659 3738 ratio,
696 3672 790 3739 quad
815 3671 875 3724 ollo
901 3671 982 3738 quasi
1009 3668 1141 3790 irrumpit

217 3735 246 3790 iu
263 3739 401 3802 judicium
421 3739 596 3811 imprudente
610 3741 745 3794 Minerva.
808 3739 968 3809 erspicuum
987 3751 1045 3806 est,
1065 3757 1097 3792 ue
1111 3739 1140 3817 le

215 3816 326 3873 poetam
357 3809 445 3876 ipsum
472 3809 564 3863 statim
592 3813 627 3864 ab
652 3808 738 3863 initio
756 3825 886 3873 monere,
913 3819 953 3866 ,ut
979 3819 1140 3882 praeseutia

215 3874 263 3926 dei
289 3893 341 3944 pro
361 3895 391 3930 ro
409 3879 640 3933 extraordinaria
666 3881 810 3932 habeatnr.
861 3879 1014 3949 Duplicem
1039 3892 1140 3955 perso-

199 3954 292 4006 'nam,
326 3963 406 4012 quam
424 3949 565 4003 sustinere
583 3948 670 4013 velit,
699 3947 746 4000 bic
765 3947 828 4017 ipse
846 3946 965 4002 disertis
983 3946 1080 3998 verbis
1100 3959 1140 4022 sr-

216 4011 336 4078 gnificat
356 4015 404 4071 Vs.
422 4019 473 4072 bib
490 4033 553 4100 sqq.
572 4047 604 4057 —
649 4016 736 4071 Actio
761 4013 921 4083 judicialis,
952 4013 1141 4082 ¹dreopttgitrs

217 4082 399 4151 cougregatis
425 4085 600 4155 silentioque
625 4088 706 4154 iussu
724 4085 872 4142 Mineruae
899 4099 951 4156 per
975 4097 1142 4156 praeconem
