2770 4690
230 377 333 454 xxlt

231 552 305 644 nio,
333 575 404 625 non
429 551 468 623 in
494 551 690 626 orchestra.
744 551 840 643 Quas
866 572 978 645 quum
1003 546 1042 621 in
1067 560 1192 638 coest,
1219 561 1259 620 ut

232 653 413 749 tripodem
430 647 478 741 14)
505 651 720 726 conscendat
744 649 1004 742 vaticinatura,
1046 647 1258 744 priusquam

233 753 336 836 aedes
376 752 549 842 introeat,
599 753 639 826 in
673 750 850 826 vestibulo
895 749 1062 824 sermone
1099 748 1179 822 sere
1214 747 1260 822 ad

233 854 459 950 hymnorum
493 866 658 926 veterum
692 850 968 925 similitudinem
1004 848 1193 924 accedente
1209 847 1258 937 15)

232 978 277 1025 ex
309 953 433 1026 ordine
467 952 631 1049 primum
663 953 833 1042 numina,
876 975 965 1048 quae
997 952 1188 1026 oraculum
1213 947 1258 1022 ab

148 1141 149 1148 ἵ
232 1052 338 1127 initio
364 1065 572 1144 tenuerant,
599 1068 634 1127 et
655 1051 881 1148 Apollinem,
913 1075 1018 1147 penes
1045 1074 1153 1146 quem
1177 1063 1258 1122 tum

233 1152 436 1227 dominium
463 1168 559 1247 erat,
596 1167 787 1250 precatur,
829 1151 953 1226 deinde
979 1150 1067 1228 alios
1092 1149 1174 1226 deos
1200 1152 1259 1223 vel

233 1268 313 1327 ante
345 1257 544 1351 templum,
597 1255 656 1328 rel
680 1253 720 1327 in
754 1253 900 1352 regione
924 1250 1109 1348 adjacente
1134 1250 1259 1324 sedem

231 1353 419 1445 habentes,
466 1355 525 1429 vel
565 1353 728 1450 denique·
750 1353 789 1426 in
825 1352 913 1450 ipsis
958 1351 1104 1426 aedibus
1146 1350 1259 1426 simul

231 1479 318 1528 cum
355 1455 522 1550 Apolline
564 1457 680 1529 cultos
724 1450 891 1545 invocat,
940 1477 1001 1527 eos
1043 1467 1146 1549 puta,
1196 1451 1259 1547 qui

230 1554 349 1650 aliqua
388 1555 526 1630 ratione
568 1554 738 1648 adjuvare
773 1556 921 1630 oracula
961 1552 1094 1628 edenda
1135 1552 1258 1626 crede-

231 1667 358 1731 rentur
375 1655 433 1748 16).
496 1657 572 1750 Quo
598 1656 695 1731 facto
725 1668 840 1752 optat,
882 1668 923 1727 ut
946 1679 1042 1729 nunc
1066 1653 1136 1752 ipsi
1165 1653 1258 1730 vati-

239 1803 542 1816 m

331 1877 467 1946 Pytham
497 1877 555 1930 tale
588 1875 724 1930 bacillum
759 1881 901 1944 gestasse,
935 1892 1049 1930 monens
1081 1884 1189 1942 tamen,
1224 1893 1257 1932 se

330 1943 422 2015 ipsum
448 1945 554 1998 nullam
582 1947 644 2011 ejus
671 1945 743 2015 apud
771 1953 882 2000 ueteres
908 1945 1064 2014 scriptores
1089 1944 1258 2002 mentionem

330 2013 512 2084 repperissc3
533 2021 568 2092 ‚at
587 2013 660 2094 lacta
677 2026 719 2068 est
737 2016 772 2065 ab
790 2014 936 2095 Aeschylo
954 2015 1006 2094 ys.
1024 2015 1074 2081 et,
1092 2031 1258 2083 quamquam

327 2082 769 2222 {testrittttttlnlt
782 2084 1257 2220 tttsltttttntt'tltt

329 2219 555 2288 intelligendum
574 2234 653 2284 esse,
688 2221 737 2272 sed
763 2220 891 2275 baculum
910 2220 980 2275 satis
1003 2221 1119 2274 firmum.
1162 2223 1257 2276 Deni-

328 2304 385 2354 que
403 2288 475 2341 baud
497 2304 585 2359 pauca
603 2298 700 2342 extant
720 2287 790 2346 artis
809 2288 914 2344 veteris
932 2302 1123 2357 monumenta,
1142 2290 1170 2346 in
1190 2291 1257 2360 qui·

329 2357 383 2410 bus
400 2357 533 2428 Pythiam
558 2357 760 2426 agnoscendam
786 2373 850 2412 esse
867 2359 913 2413 vel
938 2369 1045 2412 certum
1070 2358 1109 2413 sit
1132 2362 1178 2415 vel
1196 2361 1256 2414 sal-

327 2435 382 2480 tem
406 2426 567 2507 probabile.
614 2427 697 2480 Addo
722 2425 827 2494 igitur,
863 2427 892 2481 in
916 2425 955 2480 iis
981 2443 1141 2498 personam,
1173 2435 1255 2496 quam

326 2493 463 2564 Pythiam
481 2511 545 2549 esse
564 2496 662 2550 volunt
679 2492 877 2562 archaeologi,
896 2493 998 2565 passim
1016 2497 1141 2551 velamen
1160 2497 1189 2551 in
1207 2515 1256 2552 ca·
1286 2531 1287 2535 κ

349 2563 390 2618 ite
415 2576 558 2632 gestare.>
591 2562 700 2632 Capitis
726 2565 845 2619 ornandi
870 2567 980 2619 modum
1005 2566 1146 2623 describit
1171 2568 1255 2621 etiam

353 2648 457 2685 acanus
476 2633 606 2688 Pharsal.
627 2633 663 2699 V,
683 2633 732 2687 tta
749 2649 812 2701 sqq.
1211 2698 1214 2704 ¹

246 2696 292 2764 lt)
328 2697 443 2769 Θρὸνουσ
461 2701 512 2757 Vs.
531 2702 574 2756 29.
610 2702 687 2755 idem
715 2703 809 2772 tripos
835 2700 1041 2770 intelligendus
1066 2703 1177 2758 videtur
1199 2705 1254 2762 Vs.

325 2771 359 2825 18
378 2780 407 2822 et
424 2771 491 2837 586,
524 2769 574 2824 ubi
593 2769 629 2824 de
646 2771 786 2840 Apolline
803 2769 867 2839 ipso
892 2787 984 2825 sermo
1002 2781 1059 2837 est,
1090 2789 1254 2840 quamquam

323 2839 399 2892 hunc
419 2837 504 2892 etiam
522 2839 552 2892 in
571 2837 708 2892 umbilico
727 2839 871 2894 sedentem
889 2842 1005 2894 oracula
1030 2842 1112 2908 dare,
1147 2851 1174 2906 et
1193 2848 1252 2896 tral-

322 2907 394 2961 dunt
412 2917 524 2962 veteres
542 2909 714 2978 scriptores,
734 2919 763 2962 et
777 2910 962 2979 comprobant
980 2909 1051 2964 artis
1068 2923 1252 2968 monumenta.

246 2976 291 3038 15)
325 2975 439 3030 Monuit
455 2978 512 3044 jam
531 2975 753 3046 Droysenius
772 2977 793 3030 1.
812 2994 837 3030 c.
857 2995 884 3048 p.
904 2980 964 3032 2l3.

243 3045 289 3112 16)
323 3042 444 3098 Miraris
462 3046 634 3099 nullumdum
652 3045 840 3113 quaesivisse,
860 3045 930 3110 quid
949 3056 1036 3113 esset,
1056 3050 1130 3115 quod
1149 3049 1179 3104 in
1198 3048 1253 3103 hoe

304 3113 439 3168 'deorum
457 3114 665 3194 Delphicorum
683 3130 803 3168 recensu
821 3114 901 3180 nulla
918 3115 1001 3169 fieret
1019 3133 1111 3184 neque
1125 3117 1252 3172 Latonae

321 3199 375 3236 nec
400 3198 466 3236 tero
485 3182 597 3236 Dianae
623 3183 746 3246 mentio,
779 3182 923 3252 Pythonis
946 3202 1007 3239 cum
1025 3187 1163 3255 Apolline
1182 3204 1251 3241 con-

322 3250 442 3306 sortium
460 3251 623 3316 custodum,
650 3260 681 3305 ut
701 3251 843 3305 Pindarus
862 3252 904 3306 ait
920 3253 1001 3309 Nem.
1020 3253 1075 3320 tx,
1094 3258 1120 3310 5.
1156 3256 1250 3312 lllultc

319 3319 412 3386 minus
437 3318 557 3373 offendit
581 3329 611 3373 et
628 3321 678 3373 vix
706 3321 734 3373 in
760 3321 995 3391 comparationem
1020 3324 1173 3378 vocandum
1196 3337 1251 3391 est,

321 3389 397 3456 qnod
416 3387 446 3442 in
464 3382 676 3443 enumeratione
694 3388 835 3444 numinum
852 3391 998 3458 regionem
1014 3393 1192 3460 adiacentem*
1206 3404 1252 3449 te·

319 3457 448 3513 nentium
472 3455 554 3526 etiam
571 3457 634 3512 Pan
659 3456 776 3513 silentio
801 3458 1013 3525 transmittitur,
1049 3478 1132 3528 quum
1159 3473 1250 3518 tamen

318 3526 394 3597 Nym
417 3527 468 3579 hae
486 3526 628 3596 Coryciae
645 3537 911 3592 commemorentur,
946 3529 1113 3596 quibuscum
1130 3531 1184 3585 ille
1201 3549 1252 3586 se-

318 3595 381 3648 dem
397 3545 521 3649 iiabebat
542 3613 711 3651 communem
737 3597 766 3650 in
784 3597 926 3651 Parnasso
952 3608 1061 3654 antrum
1081 3599 1155 3654 illud
1174 3609 1249 3658 teste

316 3663 460 3720 Pausania
478 3665 518 3727 X,
537 3668 582 3731 32,
601 3669 632 3733 ⁵,
667 3675 696 3718 et
714 3665 788 3718 idem
806 3665 876 3718 deus
901 3667 991 3722 suerit
1014 3667 1186 3724 vaticinandi
1205 3671 1249 3724 la-

315 3733 423 3788 cultate
441 3733 604 3803 praeditus,
621 3752 638 3788 a
656 3751 711 3802 qno
730 3735 776 3788 vel
791 3735 898 3803 Apollo
917 3746 1005 3790 artem
1023 3736 1162 3791 didicisse
1181 3756 1250 3809 per-

315 3801 482 3868 biberetur,
518 3813 550 3857 ut
578 3804 692 3860 tradunt
717 3803 887 3871 Apollodor.
913 3805 1057 3860 Bibliotb.
1077 3805 1101 3869 1,
1119 3807 1147 3870 d,
1166 3810 1191 3862 l.
1219 3818 1250 3863 et

315 3872 406 3926 schol.
424 3871 509 3926 Pind.
528 3873 563 3927 ad
579 3888 688 3942 argum.
723 3870 909 3940 Pythiorum,
933 3890 985 3927 nec
1002 3889 1097 3941 moror
1115 3889 1194 3938 eum,
1221 3878 1249 3930 si

315 3938 381 4009 quis
407 3950 455 3995 aut
481 3940 604 4008 Vestae,
640 3942 676 3995 de
703 3956 759 4008 qua
785 3940 852 3994 uide
876 3942 978 4009 Hymn.
998 3943 1113 3996 llomer.
1132 3944 1248 4011 XXlV,

313 4020 363 4065 aut
380 4009 548 4078 Parcarum,
585 4027 701 4079 quarum
720 4010 750 4064 in
769 4009 839 4064 aede
858 4009 1004 4079 Apollinis
1021 4011 1079 4064 duo
1096 4010 1252 4067 simulacra

149 4077 153 4094 ⁸
314 4087 462 4140 exstructa
486 4078 575 4136 luisse
593 4078 753 4144 Pausanias
778 4087 875 4136 narrat
893 4079 932 4143 X,
952 4079 997 4146 24,
1017 4081 1050 4147 t,
1083 4091 1131 4138 aut
1153 4085 1250 4149 cujus-
