2728 4690
1044 351 1118 430 197

16 537 17 584 i
96 523 268 586 Minervae
288 522 438 599 aucillis,
468 521 595 586 scilieet
615 523 752 604 puellis,
780 523 991 604 mulieribus,
1024 535 1118 588 vetu-

96 608 149 683 iis,
171 625 266 670 versu
286 605 347 670 981
369 606 557 684 nominatis,
579 605 686 668 cuitus
707 607 923 671 Eumenidum
944 607 1116 670 demande-

16 739 17 759 ,
95 700 169 766 tur,
190 723 232 740 ··-
254 697 352 775 nega
372 689 460 753 euim
480 689 638 750 aliorsum
659 693 779 754 referri
798 712 892 775 porse
912 693 1047 758 verbum
1068 715 1114 754 τι-

93 775 188 853 μᾶτε,
223 775 301 856 quia
333 791 429 836 nemo
464 771 550 835 alins
585 773 621 834 iu
665 773 933 854 praecedentibus
966 776 1114 838 versibus

95 863 383 931 commemoretur,
403 888 445 904 -
465 855 570 932 nude,
600 876 697 938 quam
719 855 854 920 dubium
875 879 943 922 esse
964 866 1113 940 nequeat,

95 940 176 1022 quin
204 941 240 1001 in
270 940 445 1022 postremis
473 947 629 1022 quattuor
655 941 804 1006 uersibus
830 938 872 1002 ed
899 943 1113 1032 Areopagitas

90 1043 277 1104 sermonem
298 1023 499 1086 converterit
518 1020 689 1100 Minerva,
711 1025 892 1088 certissime
912 1027 1004 1110 sequi
1024 1025 1113 1086 affir-

93 1115 180 1185 mat,
201 1115 239 1168 ut
259 1114 486 1170 anteversum
507 1107 570 1172 982
590 1103 718 1188 aliquid
740 1105 918 1186 exciderit,
938 1143 980 1158 -
999 1127 1040 1170 ex
1061 1107 1113 1168 his

93 1192 200 1276 igitur
220 1191 367 1270 quamvis
387 1190 593 1288 veriasimnm
622 1187 758 1288 linteam
779 1211 853 1252 cum
883 1189 987 1271 iilud,
1025 1187 1114 1272 quod

92 1273 1004 1441 {tittitti-:¹¹‘tmttmptttntttp‘ttt
1033 1291 1114 1418 tt:

93 1440 223 1504 Etenim
258 1447 485 1521 praeterquam
523 1435 612 1520 quod
644 1457 711 1502 oon
749 1440 850 1504 facile
883 1440 1111 1514 concesserim,

94 1541 192 1585 versu
212 1524 272 1590 981
294 1531 425 1605 praeter
451 1523 618 1584 ministres
636 1521 827 1602 Minervae,
856 1544 995 1608 quarum
1013 1538 1113 1587 versu

94 1607 157 1671 978
184 1610 269 1668 facts
296 1607 506 1683 memineat,
540 1607 678 1668 feminas
705 1608 885 1693 significari
913 1609 1037 1684 nullas,
1071 1605 1113 1669 de

93 1691 262 1769 quoiam,
297 1690 433 1772 opinor,
465 1685 611 1750 dubitari
631 1691 763 1771 nequit,
794 1691 990 1756 vocabulum
1009 1690 1113 1770 τιμᾶτε

93 1782 163 1836 tum
182 1769 408 1836 tantummodo
428 1769 471 1833 ad
492 1771 567 1832 ilias
588 1775 708 1834 referri
725 1782 853 1855 posset,
884 1776 914 1836 si
933 1773 1114 1835 adfuissent

93 1858 130 1916 in
150 1876 257 1920 scena.
309 1853 456 1920 Aderant
475 1862 584 1918 autem
612 1863 745 1937 praeter
764 1856 952 1921 Minervam
978 1858 1112 1920 nonnisi
1198 1913 1200 1920 ,

93 1938 289 2004 Eumenides
311 1947 408 2022 atque
428 1939 656 2023 Areopagitae.
716 1935 794 2002 liius
822 1960 920 2004 versu
939 1943 1001 2006 975
1028 1941 1112 2000 alio·

93 2032 195 2104 quuta
215 2033 288 2086 esst
307 2021 385 2098 dee,
423 2029 536 2105 postea
555 2023 736 2095 neminem
771 2043 868 2110 ergo,
903 2026 1032 2086 etiamsi
1053 2022 1110 2084 Vs.

93 2109 156 2174 982
174 2127 221 2189 sq.
250 2106 350 2171 verbs
369 2102 525 2186 asyndete
554 2113 588 2166 et
615 2105 777 2185 objectum
804 2109 959 2170 omissum
992 2107 1112 2193 largiri

91 2192 194 2256 veiies
215 2192 257 2254 iis
273 2192 330 2272 qui
350 2191 500 2252 isunnam
521 2187 724 2252 statuendam
743 2209 812 2252 esse
833 2199 963 2278 negant,
984 2199 1023 2251 ut
1042 2191 1112 2252 alin

93 2283 217 2338 taceam
271 2271 450 2336 identidem
502 2270 590 2334 inter
641 2271 873 2356 disputandum
921 2281 1111 2348 memorata,

92 2367 216 2434 tamen,
248 2360 326 2438 quia
355 2358 465 2418 omnia
493 2373 559 2416 uno
586 2355 677 2419 velut
705 2364 821 2418 tenum
842 2355 1021 2418 decurrunt
1051 2374 1111 2415 nec

93 2449 144 2502 est
169 2438 257 2502 unde
284 2435 476 2510 concludas,
508 2436 585 2498 iude
612 2455 749 2500 avenn
769 2440 831 2503 982
859 2441 1043 2500 orationem
1069 2434 1112 2496 e‘d

93 2523 178 2584 aiios
200 2522 366 2598 converti,
396 2527 528 2601 oportet
553 2527 591 2581 nt
610 2527 669 2582 eut
690 2528 766 2581 ente
796 2520 892 2581 ilium
912 2517 1040 2601 aliquid
1061 2520 1112 2578 in-

93 2602 264 2668 tercidisse
291 2612 429 2680 statuas,
461 2611 517 2664 sut
547 2603 647 2663 etiam
676 2604 712 2666 iu
737 2612 901 2684 postrema
928 2603 990 2664 hac
1017 2609 1112 2683 parte

93 2691 277 2750 orationem
297 2685 340 2750 ad
359 2682 554 2750 Eumenides
574 2687 740 2762 converti,
769 2685 806 2748 id
826 2684 914 2770 quod
941 2686 1037 2768 piane
1059 2687 1111 2745 in-

93 2782 204 2854 eptum
230 2778 288 2835 est.
350 2769 437 2834 Nam
464 2766 552 2851 quod
581 2769 640 2830 isti
669 2772 780 2834 forsan
810 2771 1007 2850 objecerint,
1045 2767 1111 2830 hoc

48 2911 50 2916 ,
92 2856 255 2940 posterius
283 2873 324 2916 ue
343 2857 465 2916 iactum
486 2860 570 2916 esset
589 2871 656 2915 uon
677 2851 854 2916 verendum
884 2855 1001 2932 (truse,
1029 2871 1109 2934 quo-

92 2941 182 3026 nism
204 2946 238 3000 et
256 2938 302 3016 ii,
322 2941 380 3019 qui
401 2936 543 3000 inbutam
563 2943 778 3017 spectassent,
801 2936 987 3000 Minervam
1007 2934 1109 2999 vidis-

91 3031 181 3099 sent,
207 3019 286 3082 dum
307 3021 387 3084 haec
408 3021 613 3102 loqueretur,
644 3017 687 3080 ad
706 3019 920 3106 Areopagitas
941 3037 1010 3082 sese
1031 3037 1110 3080 con-

90 3113 283 3183 vertentem,
304 3102 339 3168 et
358 3105 464 3166 cuivis
483 3103 546 3166 aiii
564 3104 619 3166 vei
640 3123 681 3164 ex
700 3105 861 3167 sententie
881 3106 953 3185 ipsa
974 3101 1015 3164 dc
1031 3120 1109 3166 vere

91 3191 144 3252 rei
171 3189 300 3252 ratione
330 3187 440 3250 nulius
467 3187 602 3250 omnino
629 3187 803 3268 scropuius
823 3188 974 3251 subnasci
993 3187 1108 3270 possit,

90 3271 191 3335 -id
212 3269 434 3354 quidvsieat,
456 3272 492 3332 in
536 3271 686 3350 repatuio
708 3279 768 3334 est
785 3305 827 3322 -
868 3270 980 3333 Placet
1001 3280 1110 3331 tamen

90 3355 254 3443 perhanc
275 3356 480 3418 occasionem
523 3354 636 3416 eloco
658 3351 799 3436 quodam
819 3353 997 3432 disserere,
1018 3354 1109 3432 cujus

91 3460 208 3522 supra,
238 3438 297 3504 ubi
317 3457 391 3501 eum
413 3435 496 3500 ordo
516 3437 756 3500 commentandi
781 3437 951 3524 tangebat,
984 3437 1109 3497 nuilsm

91 3528 254 3588 rationem
275 3521 456 3586 emunim
498 3519 596 3582 Dicet
612 3523 703 3584 ‘enim
717 3523 895 3604 quispiam,
918 3521 999 3598 hoo,
1020 3514 1109 3602 quod

91 3605 190 3668 modo
211 3603 446 3679 contendimus,
469 3605 685 3666 minne‘reote
706 3623 774 3666 esse
794 3603 1007 3686 disputatum,
1029 3619 1108 3685 quo-

91 3691 182 3752 niam
203 3692 301 3764 etism
319 3707 417 3752 versu
435 3687 498 3750 550
525 3687 679 3749 similiter
706 3709 740 3750 se
766 3689 904 3774 gesserit
933 3695 1029 3770 poeta
1059 3693 1107 3745 at-

93 3792 157 3856 que
177 3771 240 3834 hoe
259 3781 372 3836 nostro
393 3773 478 3834 ioco.
520 3769 656 3832 Soiiieet
676 3772 748 3833 iilic
792 3781 939 3854 ostquem
954 3769 1108 3832 Minerva

92 3857 261 3922 silentium
283 3857 472 3938 imperavit,
493 3862 531 3916 ut
550 3851 708 3931 judicium
729 3791 844 3918 hadent
864 3856 987 3939 possit,
1008 3847 1107 3931 Apol-

93 3941 197 4008 iinem
216 3941 253 4004 iu
273 3957 401 4006 menam
421 3955 629 4025 progressum
650 3938 766 4004 Furiae
783 3941 835 4005 sie
854 3940 1087 4024 alloquuntur:
