2770 4690
1017 345 1137 420 XXIII

111 531 209 609 cinia
234 528 371 630 optime
398 524 541 614 cedant,
586 517 699 616 jubet,
723 496 787 592 'ad
812 533 1030 616 spectatores
1055 542 1139 592 con·

189 718 323 770 ,cunque
349 701 425 755 alius
458 701 580 755 numinis
609 715 625 753 a
654 699 806 772 Delphicis
839 702 1031 770 religionibus
1064 703 1140 757 haud

213 771 305 824 alieni
324 787 378 823 non
405 771 563 825 inchoatam
586 769 755 822 mentionem
774 787 913 824 excusare
935 773 1013 827 velit.
1049 771 1140 826 Pote-

212 841 257 896 rit
273 849 365 892 autem
389 842 473 906 huJus
500 839 544 893 rei
562 837 610 892 vix
636 838 693 891 alla
717 838 927 905 ratio'aiierri,
962 855 1043 908 quam
1061 841 1141 907 haec,

212 919 245 962 ut
263 918 385 973 statuas,
405 910 488 973 deos,
508 923 625 976 quorum
644 918 758 977 praeter
771 909 881 962 oraculi
899 911 1031 980 proprios
1049 909 1140 962 domi·

210 993 265 1032 nos
291 976 397 1031 mentio
420 977 471 1043 iit,
498 993 552 1030 non
579 988 633 1030 tarn
653 977 798 1043 invocari,
827 977 901 1044 quod
919 976 1044 1048 Delphis
1063 985 1091 1030 et
1110 975 1140 1030 in

212 1046 333 1114 regione
356 1046 532 1111 colerentur,
567 1045 748 1112 qttamqula,
785 1062 867 1112 quum
893 1047 951 1116 ipsi
969 1044 1142 1100 vaticinandi

215 1117 244 1178 pi
264 1126 360 1170 esseut
378 1113 523 1177 instructi,
558 1126 612 1169 tum
632 1129 700 1182 prae
719 1114 822 1168 ceteris
842 1118 972 1169 conferre
990 1117 1141 1170 crederen-

211 1195 261 1238 tur
278 1184 313 1238 ad
331 1185 446 1237 oracula
464 1182 561 1236 danda.
589 1183 757 1251 Quamquam
775 1186 927 1238 nonnullos
947 1195 1025 1238 certe
1043 1185 1141 1236 eodem

212 1254 277 1306 dere
295 1250 369 1307 redit
391 1253 417 1304 si
435 1252 502 1306 ideo
530 1251 675 1306 invocatos
701 1251 791 1319 dicas,
818 1255 893 1320 quod
919 1253 957 1307 iis
976 1254 1069 1308 cultus
1088 1251 1141 1306 tri-

213 1323 353 1376 bueretur
369 1321 497 1390 Delphis
523 1331 554 1374 ut
581 1319 638 1391 ipsi
665 1319 782 1375 fecimus
810 1322 845 1374 de
863 1323 996 1392 Neptuno
1024 1329 1141 1390 agentes

213 1392 243 1445 ln
262 1391 364 1444 Adnot.
383 1407 409 1459 p·
421 1393 446 1444 d.
482 1389 562 1444 Ouod
581 1405 663 1454 quum
683 1401 782 1459 sponte
800 1389 882 1456 quasi
901 1393 945 1444 vel
965 1409 1003 1445 ex
1022 1408 1055 1444 eo
1074 1406 1143 1442 con·

213 1469 367 1526 sequatur,
396 1458 472 1525 quod
491 1472 506 1509 a
524 1458 632 1526 Pythia
652 1458 839 1526 implorantur
856 1461 884 1511 id
904 1471 1018 1528 agente,
1045 1469 1075 1514 ut
1092 1475 1142 1512 va-

214 1528 317 1582 ticinia
335 1529 415 1593 edat,
445 1537 499 1580 tum
514 1527 555 1579 ¹de
574 1525 703 1579 omnihus
722 1528 818 1580 valere
837 1527 920 1581 etiarn
940 1528 1055 1582 aliunde
1073 1544 1142 1581 cou-

217 1605 284 1654 stat.
317 1597 363 1650 De
379 1596 451 1650 Jove
473 1595 594 1648 omnium
614 1594 760 1649 maxime..
787 1595 817 1648 Is
836 1595 907 1649 enirn
926 1614 1009 1663 quum
1028 1597 1142 1649 omnino

214 1667 584 1788 ldttttltatssthttffl
600 1663 1143 1804 t5¹llil?tttt⁰¹l¹ta¹¹tyttl⁰lt⁰ll

554 1771 564 1798 ‚
1084 1771 1092 1786 .

217 1819 276 1869 sq.,
311 1802 423 1856 Sacerd.
441 1803 476 1855 fr.
496 1803 544 1869 74,
580 1811 664 1868 atque
688 1800 740 1854 alii
761 1802 827 1855 inde
845 1803 880 1856 ab
903 1814 1018 1857 auctore
1035 1797 1143 1872 Hymni

215 1873 330 1926 Homer.
351 1871 380 1925 in
398 1871 524 1925 Marcus.
545 1869 594 1924 Vs.
613 1873 662 1922 471
683 1887 740 1938 sq.,
770 1887 842 1938 quos
861 1882 948 1927 taceo.
994 1873 1081 1926 Immo
1098 1881 1143 1926 tc-

214 1949 261 1996 sle
277 1939 422 2012 Aeschylo
449 1938 524 1994 nihil
552 1939 610 1992 nisi
636 1935 700 1994 Arde
723 1937 864 2010 προφήτης
888 1940 944 1994 ἰοτὶ
960 1940 1064 2006 Λοξίας
1087 1958 1142 1992 πα-

213 2005 293 2076 rpo's,
323 2010 374 2063 clr.
400 2008 485 2062 etiam
507 2009 593 2061 Eum:
605 2007 656 2063 Vs.
675 2010 726 2064 586
745 2025 822 2076 sqq„
861 2027 991 2080 quorsum
1020 2010 1142 2090 pulchre

212 2078 409 2134 Disaenius
428 2078 521 2130 adnot.
539 2077 573 2130 ad
592 2076 710 2130 Pindar.
729 2076 816 2146 Pyth-
834 2079 887 2145 1v‚
905 2081 929 2132 4.
955 2081 1042 2135 trahit
1061 2077 1142 2146 aqui·

212 2157 257 2202 tas
282 2147 351 2200 illas
374 2162 474 2199 aureas
494 2146 522 2198 in
546 2144 686 2198 umbilico
705 2147 849 2215 Delphico
873 2149 1046 2212 collocatas,
1082 2163 1143 2199 mo-

211 2231 298 2272 nense
335 2217 401 2268 »has
425 2214 535 2282 aquilas
555 2216 649 2268 lovem
672 2228 902 2283 repraesentasse
927 2230 1057 2276 summum
1077 2231 1145 2270 ora-

213 2286 275 2340 culi
293 2284 478 2356 praesideam
515 2283 642 2336 Geterum
661 2283 726 2336 vide
744 2285 949 2339 Adnotationes
971 2299 1091 2354 postras.
1109 2309 1144 2324 ·-

211 2353 306 2409 Etiam
325 2354 473 2433 Neptunus
489 2355 554 2420 jure
573 2355 627 2405 buc
644 2352 771 2431 pertinet
795 2357 850 2420 jam
879 2355 908 2408 in
927 2355 1086 2412 universum
1106 2352 1143 2405 ob

212 2425 271 2480 rim
295 2423 457 2488 fatidicam,
492 2437 564 2488 quae
587 2436 668 2488 aquas
692 2422 810 2474 subesse
834 2425 1033 2494 putabatur-
1052 2422 1143 2478 ratio·

211 2509 275 2548 nem
295 2489 383 2559 magis
404 2489 557 2560 specialem
575 2491 659 2544 affert
676 2489 874 2544 Muellerus
894 2491 1010 2548 dissert.
1035 2491 1071 2545 de
1089 2490 1143 2544 tri-

211 2563 293 2634 pode
316 2561 424 2629 Delph.
450 2577 479 2640 p.
500 2555 596 2612 Μ’·-
629 2568 804 2628 quapropter
839 2571 867 2616 et
894 2559 1143 2632 ipse-'aliquando

214 2631 331 2686 oracula
348 2629 475 2698 Delphis
502 2627 630 2681 edidIsse
657 2627 840 2695 credebatur,
877 2647 958 2699 quarn
984 2641 1073 2685 tamen
1099 2629 1143 2681 fa-

211 2716 283 2754 mam
301 2707 349 2752 aut
367 2697 517 2765 ignorabat
534 2705 582 2750 aut
601 2697 769 2766 repudiabat
787 2699 964 2773 Aeschylus,
992 2710 1076 2766 atque
1094 2715 1143 2750 co·

212 2769 328 2824 lebatur
342 2767 450 2821 ibidem
462 2761 609 2833 'Apameia
624 2766 796 2835 appellatus,
816 2767 871 2821 uid.
899 2769 1001 2822 Adnot.
1017 2785 1079 2850 pag.
1095 2765 1143 2821 cit.

214 2869 248 2881 -
268 2837 343 2906 quod
362 2836 528 2890 vocabulum
555 2834 728 2889 dubitaverit
752 2835 860 2902 aliquis
884 2850 919 2890 an
941 2837 1074 2908 primrtus
1092 2853 1144 2906 po-

215 2908 273 2963 tius
291 2921 353 2960 eum
375 2902 569 2967 denotaverit,
607 2903 655 2970 qui
675 2916 810 2973 responsa
834 2906 929 2972 daret,
967 2923 1047 2972 quam
1071 2921 1145 2968 eum,

214 2976 264 3044 qui
285 2971 394 3028 oraculi
413 2974 508 3026 sedem
527 2989 587 3025 curn
600 2972 737 3041 Apolline
755 2975 971 3042 permutavisset
983 2986 1053 3030 -ct
1070 2972 1145 3027 alibi

214 3044 353 3101 vaticinia
370 3042 486 3107 edebat,
513 3052 542 3095 et
560 3057 576 3094 a
594 3040 732 3094 ThurinIs
750 3041 913 3112 Ilpdpavror
931 3045 1084 3098 vocabatur
1102 3052 1144 3096 te·

215 3124 259 3170 ste
276 3113 384 3166 Taetaa
401 3111 436 3164 ad
454 3111 636 3190 Lycophron.
656 3110 708 3163 Vs.
725 3113 784 3165 522.
803 3142 835 3152 -
880 3114 974 3167 Porro
1000 3131 1052 3169 nec
1070 3113 1145 3165 Bac-

215 3183 304 3248 cbuS,
330 3173 351 3248 ᾦ
368 3177 423 3232 τίῆν
439 3178 548 3247 Achoma
565 3175 642 3232 vidit*
658 3171 741 3246 ἦττον
756 3175 776 3247 ἢ
791 3178 830 3247 τῷ
844 3177 997 3238 Ἀπόλλωνι
1014 3185 1144 3251 μέτεστιν,

213 3261 246 3307 ut
265 3251 307 3305 ait
323 3249 498 3305 Plutarchus
517 3248 552 3300 de
569 3253 614 3302 EI
629 3249 703 3318 apud
721 3249 853 3318 Delphos
875 3271 901 3326 p.
920 3254 971 3308 388
990 3253 1032 3306 cd.
1051 3251 1144 3310 Fran·
1203 3282 1206 3288 ·

214 3321 288 3387 coh,
325 3321 444 3386 quocum
464 3317 516 3370 cir.
534 3332 605 3383 quos
623 3316 721 3371 citavit
739 3318 944 3384 Creuzerus
963 3320 1091 3388 Symbol.
1109 3319 1143 3374 Τ.

212 3390 272 3456 111,
292 3407 319 3460 p.
338 3389 403 3452 16⁰,
422 3395 480 3458 pot.
500 3387 563 3452 tur,
586 3401 642 3439 non
661 3395 722 3440 crat
741 3387 890 3454 fatidicum
914 3387 946 3444 cd
963 3389 1013 3460 peip
1031 3385 1145 3456 βακχεύ-

213 3477 294 3527 σιμον
309 3462 354 3509 ttul
377 3453 410 3510 cd
432 3451 565 3524 μανιῶδες
588 3451 721 3522 μαντικήν
743 3453 843 3522 πολλήν
866 3458 932 3525 ἔχει,
968 3460 1052 3514 verba
1078 3467 1145 3512 suni

213 3525 369 3598 EuripidIs
393 3526 497 3578 Bacch.
522 3524 572 3579 Vs.
590 3525 642 3578 2⁹8
669 3525 714 3577 ed.
741 3525 859 3592 Elmsl„
896 3527 944 3595 qui
972 3528 1018 3582 alr
1043 3527 1145 3580 doctus

214 3598 302 3652 etiam
319 3596 400 3648 locos
419 3593 570 3649 Plutarchi
589 3592 700 3646 similes
718 3595 866 3661 apposuit,
897 3598 961 3662 vel,
989 3608 1020 3650 ut
1038 3597 1143 3650 Greu-

214 3679 322 3721 zerus
339 3669 437 3718 censet
453 3661 584 3732 Dionyso
602 3679 630 3730 p.
640 3663 706 3727 302,
724 3662 775 3715 ubi
794 3662 884 3718 fusius
902 3667 996 3734 agitur
1015 3665 1050 3720 de
1068 3666 1144 3718 Bac·

214 3737 271 3790 cho
296 3739 377 3800 uate,
411 3741 549 3799 quatenus
573 3727 683 3796 χθόνιος
700 3727 767 3783 θεός
785 3744 861 3801 erat,
897 3735 1025 3788 »obvim
1053 3749 1144 3801 aquae

215 3807 383 3870 terraeque,
419 3803 499 3868 cujus
532 3799 660 3854 anhelitu
693 3800 811 3854 lucitari
839 3819 916 3857 ruens
949 3803 1140 3857 crederetur«

214 3875 305 3928 Quam
322 3869 509 3941 posteriorem
528 3867 694 3923 sententiam
712 3869 738 3922 si
757 3871 938 3937 probaveris,
963 3872 1060 3926 eodem
1081 3871 1143 3922 lere

214 3942 284 3995 loco
306 3939 451 3994 habendus
468 3937 527 3993 erit
544 3947 573 3992 et
590 3938 686 3991 eadem
711 3937 822 3993 ratione
845 3942 989 4009 adJuvisse
1008 3939 1144 3992 raticina-

215 4010 322 4066 tionem
341 4007 498 4078 putandus,
532 4022 587 4074 qua
605 4007 761 4074 Neptunus.
804 4009 844 4064 Et
864 4011 973 4080 pariter
990 4018 1074 4073 atque
1092 4005 1144 4060 hic

215 4075 527 4148 aliquando'nipoden
545 4073 671 4132 tenuisse
693 4075 839 4133 serebatur
855 4089 885 4134 et
902 4079 1011 4152 primus
1029 4075 1144 4146 quiden
