2728 4690
252 339 331 418 ms

256 510 443 591 veteribus,
481 517 552 574 tum
580 527 599 572 e
627 527 746 595 graeco
774 503 1006 589 Aristophanis
1038 505 1236 590 interprete
1263 515 1292 569 st

256 597 386 660 artifice
406 596 535 678 aliquo,
558 593 648 674 cujus
670 601 795 670 tamem
815 602 854 653 ut
875 592 1097 672 reliquorum,
1122 611 1213 674 quos
1238 591 1292 652 ho·

258 679 314 743 die
334 678 456 742 addere
484 679 578 757 licet,
607 696 674 738 non
695 674 870 738 admodum
892 675 1002 761 gravis
1024 683 1072 736 est
1092 679 1291 752 auctoritas,

258 765 329 826 illis
351 763 432 846 ipsis
452 762 575 836 tribui,
597 780 729 838 omnes,
751 761 808 842 qui
827 768 940 841 postea
960 756 1000 818 de
1021 758 1139 820 eadem
1162 780 1207 822 re
1230 759 1292 820 dis-

258 853 451 926 seruerunt,
474 846 589 906 habuit
610 845 645 905 in
665 851 776 926 partes
797 862 870 904 suas
893 840 1112 920 discedentes,
1136 842 1185 905 de
1207 865 1292 906 sum-

259 949 315 991 ma
336 938 440 993 certe:
469 929 712 1004 Hermannmn,
741 925 870 1000 dissert.
893 925 925 987 11
946 923 986 987 de
1009 926 1114 988 choro
1137 927 1293 988 Eumeni-

261 1011 357 1092 dum,
388 1033 497 1097 opnsc.
529 1009 606 1076 Vol.
629 1010 679 1089 11,
711 1013 913 1093 p.142sq.,
949 1007 1127 1072 Genellnm
1157 1012 1184 1076 l.
1210 1033 1237 1074 c.
1264 1035 1291 1094 p.

261 1095 339 1178 225,
360 1107 428 1158 not
450 1097 509 1175 55,
538 1091 788 1158 Schwenckium
809 1094 845 1155 in
866 1096 1003 1178 praefat.
1026 1092 1068 1154 ad
1088 1095 1292 1160 Eumenidas

261 1201 295 1264 p.
319 1181 398 1244 vul
419 1201 490 1262 sq.,
508 1173 725 1240 'Muellerum
752 1174 794 1238 ad
821 1175 1016 1240 Eumenidas
1043 1198 1075 1262 p.
1103 1180 1192 1257 185,
1230 1191 1293 1246 not.

262 1268 320 1341 313
357 1263 606 1346 Boeclshinsque
634 1265 670 1324 in
701 1262 809 1337 libro,
848 1282 944 1344 quem
971 1264 1108 1342 scripsit
1138 1264 1186 1326 de
1219 1275 1294 1326 tra·

263 1347 443 1434 goediae
463 1366 634 1432 graecae
654 1346 952 1428 principibus,
973 1366 1004 1427 p.
1026 1350 1088 1424 44,
1114 1351 1176 1410 cui
1200 1349 1294 1410 adsti-

264 1433 397 1515 pulatus
419 1440 469 1494 est
487 1429 693 1493 Westrilsins
715 1431 751 1489 in
772 1428 994 1513 disputatione
1015 1428 1064 1493 de
1083 1433 1295 1514 Aeschyli

263 1514 531 1596 Choephoris
552 1522 627 1578 cett.
664 1533 697 1594 p.
722 1515 851 1598 80sq.,
887 1533 986 1596 quum
1006 1517 1173 1593 sentiret,
1216 1522 1294 1580 faces

265 1600 406 1662 multum
428 1601 578 1660 conferre
599 1595 641 1658 ad
662 1607 788 1660 trucem
808 1597 980 1658 Furiarum
1001 1596 1215 1681 adspectum,
1237 1623 1294 1685 qno

266 1685 303 1745 in
336 1683 565 1746 commissione
592 1681 722 1743 fabulae
754 1689 884 1743 nostrae
912 1690 1116 1764 spectatores
1152 1696 1296 1748 conster-

266 1765 428 1830 natissae
455 1763 646 1841 tradantur,
676 1764 857 1850 Boettigeri
886 1766 980 1826 illam
1000 1770 1204 1832 sententiam
1225 1790 1296 1831 cnm

267 1851 459 1916 testimonio
480 1849 677 1910 scholiastae
696 1847 930 1933 Aristoplsansi
952 1851 999 1911 ita
1020 1853 1242 1932 conciliavit,
1260 1863 1296 1915 ut

269 1933 398 1997 easdem
433 1934 558 2016 priori,
601 1951 697 2014 quam
731 1934 886 2014 sumpsit,
927 1934 1057 1996 fabulae
1097 1941 1294 2012 recensioni,

268 2016 420 2100 perditae
448 2017 502 2077 illi
528 2016 672 2092 scilicet,
701 2015 891 2079 tribuendas
918 2013 1081 2096 censeret,
1116 2019 1163 2082 de
1195 2042 1295 2106 snper·

269 2103 348 2164 stite
368 2107 512 2161 statuens
532 2118 606 2159 cum
628 2101 754 2160 ceteris.
803 2099 874 2162 Nos
894 2111 1065 2186 postquam
1093 2123 1138 2166 ex
1172 2106 1294 2170 indiciis

273 2185 345 2266 ipsa
364 2182 476 2244 fabula
491 2184 653 2244 contentis
668 2181 971 2264 demonstravimus,
994 2207 1086 2248 secus
1110 2192 1295 2253 existiman-

273 2265 352 2328 dum
380 2286 465 2344 esse,
499 2267 606 2327 missis
637 2267 680 2327 iis
709 2268 909 2346 rationibus,
942 2270 1060 2351 quibus
1088 2269 1294 2362 Boettigerns

272 2353 414 2414 maxime
442 2359 476 2414 et
504 2349 660 2412 Genellos
687 2351 859 2414 ostendere
885 2355 996 2416 conati
1024 2364 1119 2434 sont,
1163 2380 1212 2422 ne
1238 2359 1297 2421 lieri

273 2434 406 2520 quidem
427 2438 583 2517 potuisse,
603 2444 642 2495 nt
661 2435 778 2496 Furiae
796 2435 993 2516 Aeschyleae
1013 2441 1100 2501 faces
1124 2451 1296 2527 gestarent,

273 2523 353 2584 satis
374 2518 531 2584 invalidis
553 2520 622 2580 illis
643 2539 682 2580 ac
701 2520 854 2580 futilibus
876 2529 934 2581 aut
954 2521 1035 2582 alibi
1057 2527 1244 2606 refutatis,
1268 2525 1300 2587 ad

273 2602 508 2668 vindicandam
536 2601 634 2664 fidem
662 2602 783 2664 scholii
804 2603 901 2664 Pluto
924 2602 1049 2666 Comici
1077 2607 1254 2695 adscripti
1272 2612 1301 2672 ab

274 2688 469 2750 Hermanno
490 2688 564 2748 loco
586 2685 684 2748 modo
708 2683 839 2748 laudato
864 2689 1097 2774 impugnatam,
1121 2693 1197 2757 hoc
1214 2715 1303 2757 unum

274 2789 462 2846 monemus,
485 2771 618 2831 initium
640 2771 707 2848 ejus
731 2769 846 2834 hocce:
867 2767 1077 2836 ’Ensosoizrras
1095 2773 1160 2852 τὴν
1183 2777 1239 2843 διὰ
1257 2782 1306 2841 sois

276 2850 448 2935 Ἐριννύων
467 2851 626 2936 Αἰσχύλου
647 2851 855 2916 ὑπόθεσιν-
875 2857 918 2916 ad
938 2858 1074 2918 verbum
1090 2863 1306 2947 significare:

277 2936 450 3000 deridet
475 2939 673 3019 Aeschyli
700 2936 754 3016 (ab
775 2938 951 3019 Aeschylo)
978 2961 1050 3022 per
1070 2943 1236 3010 Furias
1258 2951 1308 3025 (ia-

278 3022 385 3100 ctam)
414 3023 861 3103 repraesentationem.
914 3024 1004 3103 Quae
1031 3033 1209 3093 sententia
1240 3035 1310 3094 licet

277 3106 391 3189 paullo
420 3106 616 3168 insolentius
643 3107 773 3188 prolata
804 3108 864 3185 sit,
905 3127 1000 3169 sensu
1025 3117 1140 3173 tammn
1177 3118 1311 3178 minime

278 3198 378 3252 caret
434 3189 572 3271 Reliqua
592 3199 702 3252 autem
721 3191 841 3252 scholii
884 3211 936 3252 ars
959 3193 1038 3254 satis
1059 3201 1255 3278 perspicua
1275 3207 1314 3261 est

278 3293 384 3355 neque
411 3275 482 3336 ullo
510 3271 608 3336 modo
635 3273 800 3336 tentanda.
861 3212 985 3336 d'ersus
1012 3277 1229 3360 Euripideus
1259 3303 1316 3346 non

278 3367 404 3441 spectat
424 3360 489 3418 nisi
510 3357 552 3418 ad
571 3357 677 3420 solum
699 3358 893 3420 vocabulum
916 3357 1180 3428 decrescentium.
1207 3405 1260 3416 —

363 3441 531 3525 Denique,
564 3441 706 3524 nequid
733 3441 903 3505 videamur
930 3445 1090 3506 intactum
1122 3452 1319 3534 reliquisse,

279 3529 315 3589 in
345 3527 423 3602 hac,
456 3527 584 3609 qualem
605 3545 646 3588 ex
677 3529 720 3588 iis
741 3545 823 3608 quae
842 3525 947 3586 adhuc
969 3526 1222 3610 disputavimus
1247 3539 1321 3598 satis

279 3613 387 3672 elucet
407 3608 611 3673 statuendam
633 3631 718 3686 esse,
751 3630 889 3694 pompae
910 3611 1040 3671 ratione
1063 3634 1130 3676 non
1155 3619 1233 3696 jam
1258 3642 1322 3682 ere-

279 3695 383 3758 dibile
405 3705 469 3771 est,
502 3703 561 3756 aut
581 3696 750 3771 victimas,
777 3703 815 3757 ut
837 3713 971 3757 eversu
992 3698 1054 3760 960
1076 3701 1324 3767 concluserunt

278 3779 474 3842 Schuetnius
506 3787 539 3840 ct
569 3777 770 3858 Muellerus,
808 3781 844 3839 in
881 3779 1048 3840 theatrum
1077 3779 1203 3848 ductas
1248 3809 1324 3862 esse,

275 3871 376 3947 qnam
404 3864 599 3925 sententiam
625 3882 725 3945 supra
752 3884 785 3945 p.
810 3863 870 3927 184
890 3883 937 3943 sq.
973 3867 1168 3930 monuimus
1210 3893 1261 3936 ne
1293 3893 1326 3934 ex

280 3949 343 4011 illo
372 3946 504 4032 quidem
532 3947 607 4007 loco
636 3957 725 4010 recte
755 3949 879 4029 repeti,
911 3955 968 4006 aut
987 3957 1094 4010 vestes
1129 3972 1326 4039 purpureas

278 4032 337 4096 Vs.
357 4035 419 4099 982
441 4039 722 4109 commemoratas,
743 4033 773 4094 si
794 4051 848 4094 eas
869 4029 1105 4098 Eumenidibus
1130 4040 1326 4106 offerendas
