2794 4692
228 334 309 410 GV!

329 504 480 596 Furiae,
496 565 500 572 .
517 503 635 600 speeie
656 499 913 595 mirabmdae,
943 517 1141 600 quaertmt,
1169 506 1252 602 Jup-

228 608 368 706 piterne
391 604 460 700 ipsi
484 604 577 680 hano
594 619 733 680 sortem
749 603 887 680 dederit
905 605 1025 679 Oresti
1049 605 1252 698 dicendam,

231 705 452 805 equahuio
485 706 598 802 patris
621 705 783 780 eaedem.
799 705 989 782 ulciacenti
1016 708 1120 782 *narde
1152 733 1253 782 rere-

231 809 369 886 rentiae
394 805 564 882 adversm
590 821 748 881 matrem
770 806 863 881 ratio
887 805 1048 882 habenda
1070 807 1192 883 suerit.

330 907 501 982 Affirmat
523 909 673 1004 Apollo,
705 922 760 1001 et,
791 932 864 982 non
887 906 1009 1005 inique
1034 909 1174 983 faotum
1200 933 1254 983 es-

231 1037 292 1102 se,
318 1009 648 1100 demonstraturus,
674 1034 770 1102 non,
805 1009 876 1101 ait,
901 1007 1000 1083 idem
1026 1024 1102 1101 est,
1129 1010 1254 1084 virum

231 1134 448 1212 generosum
476 1108 552 1185 vita
574 1109 728 1208 ¹prirari
765 1133 876 1210 regno
909 1134 931 1184 a
959 1111 1050 1188 Jove
1081 1134 1253 1186 concesso

230 1213 470 1303 honoratum,
501 1209 606 1306 idque
631 1209 676 1286 ab
702 1235 837 1304 uxore,
871 1234 944 1284 non
968 1208 1097 1286 bellico
1120 1237 1255 1286 areae

231 1313 424 1416 longinquo
458 1313 530 1388 tela
561 1310 750 1404 mittente,
793 1313 935 1408 qualem
959 1311 1165 1387 Amazones
1196 1338 1255 1412 ge-

233 1429 348 1505 stent,
389 1412 449 1486 sed
475 1413 644 1510 (jamque
667 1413 710 1492 ad
732 1411 940 1487 Minervam
960 1427 997 1486 et
1018 1414 1255 1516 Areopagitae

218 1514 436 1610 emtionem
463 1513 667 1606 convertit)
703 1529 744 1588 ut
778 1514 951 1609 audietis,
994 1512 1125 1592 bellica
1156 1513 1256 1590 enim

232 1615 455 1715 expeditione
477 1631 621 1714 peraeta
632 1669 652 1708 „
669 1653 675 1668 ·
691 1615 819 1707 illum,
865 1615 926 1689 eui
952 1639 1011 1689 res
1043 1614 1257 1690 felicissime

233 1717 426 1809 cessisset,
443 1743 555 1813 quum
577 1712 691 1817 gratis
716 1716 839 1790 verbis
864 1717 1082 1813 excepisset,
1107 1715 1256 1791 lavatio-

232 1845 319 1894 nem
352 1818 566 1920 transigenti
602 1831 637 1891 et
670 1817 709 1891 in
742 1831 906 1895 extreme
936 1817 1115 1892 lavatione
1156 1818 1257 1894 eirea

233 1917 451 1996 lavatrinam
490 1919 640 2014 pallium
665 1917 868 2016 expandit,
917 1918 1094 1992 maritum
1135 1933 1258 1996 autem

234 2035 333 2097 veste
356 2018 553 2093 artificiosa
571 2019 737 2114 exituque
755 2033 901 2093 oarente
917 2018 1159 2094 constrictum
1182 2035 1258 2091 tru-

234 2121 330 2202 cidat
347 2117 425 2214 163).
475 2121 558 2206 ,Ηαο
584 2118 749 2216 quidem,
787 2119 924 2221 pergit,
959 2119 1099 2204 ratione
1123 2118 1260 2218 perisse

367 2271 370 2280 ,
531 2275 533 2281 .

337 2371 418 2425 loeus
435 2367 511 2423 enim
526 2368 665 2437 Pindari,
684 2369 731 2422 Ol.
748 2367 844 2434 1111,
860 2369 912 2434 66,
935 2382 1017 2436 quem
1038 2383 1102 2422 eum
1119 2369 1174 2423 hoc
1191 2385 1260 2424 con·

336 2437 407 2494 tulit
431 2437 656 2493 Klauaenias
684 2437 809 2508 theolog.
857 2439 935 2503 .67,
963 2437 1258 2494 direreierimmleat.

337 2509 403 2565 lloe
429 2524 498 2564 vero
525 2508 591 2580 ipro
618 2509 683 2562 loeo
706 2509 790 2562 etiam
815 2455 881 2562 ideo
906 2507 1100 2576 maximopere
1121 2507 1261 2578 displicet

285 2644 289 2652 x
338 2577 392 2632 illa
415 2578 576 2644 sententia,
612 2577 687 2644 quod
711 2578 818 2649 Apollo
845 2575 909 2648 ipee
933 2575 1147 2645 significaturus
1174 2587 1260 2645 earet,

337 2663 416 2703 auam
436 2647 608 2714 Orestisque
625 2661 749 2702 caussam
772 2645 813 2700 ita
830 2661 895 2700 esse
912 2654 1115 2716 comparatam,
1150 2653 1182 2700 at
1198 2645 1227 2700 ei
1244 2662 1262 2703 a

339 2714 484 2770 ‘udicibua
509 2717 704 2784 jmJ‘uruadum
725 2714 839 2783 quidem
864 2714 1046 2769 servantibus
1063 2713 1185 2769 victoria
1206 2714 1261 2769 tri·

336 2731 390 2838 dmi
413 2801 468 2838 non
487 2785 599 2855 possit,
634 2800 688 2854 qua
710 2783 890 2855 professione
907 2799 990 2852 quom
1008 2783 1068 2838 sibi
1087 2784 1151 2854 ipse
1168 2784 1262 2838 maxi·

337 2868 453 2923 mopere
470 2857 617 2910 nocituros
640 2854 745 2909 luiaeet
760 2853 886 2926 Apollo,
921 2861 978 2907 tam
1000 2867 1055 2906 non
1078 2852 1172 2909 intelli
1196 2852 1264 2921 itur,

337 2939 411 2990 quae
432 2939 532 2978 caussa
553 2939 617 2978 esee
641 2920 784 2994 potuerit,
820 2939 872 2977 eur
896 2921 942 2976 aie
969 2923 1110 2978 statuerit.
1192 2939 1264 2992 agae

146 3012 152 3028 ·
256 2999 259 3002 '
339 3001 423 3058 aunt,
459 2993 565 3062 quibus
587 2992 844 3047 Wakefieldue
871 2998 900 3045 et
924 2991 1101 3047 Butlerua
1128 2992 1263 3061 vulgatae

339 3061 460 3117 lectioni
498 3063 700 3118 atroainantur.
734 3059 908 3116 Nec'moror
924 3060 1124 3116 Abresoltii
1147 3072 1262 3117 senten-

339 3130 424 3196 tiam,
451 3148 466 3184 a
506 3132 558 3187 Vs.
575 3134 628 3187 666
645 3129 823 3199 adamantis,
848 3140 977 3202 spectare
995 3129 1119 3184 Chorum
1135 3130 1262 3184 admorti-

339 3200 419 3254 tione
446 3200 489 3256 ibi
517 3201 628 3271 prolata
651 3199 807 3271 praecipue
830 3201 900 3254 lraee
923 3199 1026 3281 ipsud
1048 3197 1149 3254 ellinia
1167 3200 1262 3254 verba.

338 3270 447 3324 Locum
483 3280 646 3338 corruptum
679 3284 762 3336 esee,
797 3278 876 3323 reete
903 3278 987 3323 ettam
1049 3268 1262 3324 oederlinua

338 3339 432 3394 sensit
457 3339 553 3393 adnot.
580 3339 614 3394 ad
642 3337 779 3408 Sophoel.
806 3336 877 3394 Oed.
907 3338 1009 3394 Colon-
1038 3336 1090 3393 Va.
1108 3339 1194 3403 1767,
1217 3339 1262 3402 68,

289 3446 294 3451 -
337 3425 365 3477 p.
383 3409 452 3474 763,
486 3411 567 3475 cuiue
586 3407 960 3495 quidemffemendationema
995 3399 1072 3474 daret
1093 3403 1145 3476 γὰρ
1167 3399 1263 3460 odrae

334 3472 437 3542 Zmin,
465 3478 493 3531 lt.
512 3493 537 3532 e.
557 3496 603 3532 rer
622 3479 687 3534 Aloe
705 3495 805 3546 opaea,
842 3474 920 3547 ipsi,
947 3475 1068 3546 opinor,
1094 3474 1158 3530 viro
1176 3490 1264 3546 prae·

338 3545 514 3601 etantiseimo
533 3564 589 3602 non
607 3545 728 3619 amplius
745 3547 909 3618 probatam,
936 3544 1022 3602 tacite
1039 3543 1153 3613 rejicio.

236 3638 299 3706 lta)
337 3637 417 3692 Haeo
439 3637 508 3698 milti
533 3639 647 3707 quidem
671 3638 759 3693 hodie
783 3653 852 3709 prae
875 3636 945 3692 aliie
971 3637 1080 3692 arridet
1102 3637 1262 3701 verborum,

337 3722 410 3775 qnae
428 3708 562 3774 leguntur
580 3709 647 3763 inde
666 3725 683 3764 a
701 3708 752 3763 Vr.
769 3709 820 3765 661
839 3721 927 3774 usqne
943 3707 980 3760 ad
999 3705 1051 3763 Vs.
1067 3708 1138 3773 666,
1172 3705 1264 3784 inter·

338 3776 538 3847 pretenderum
574 3777 671 3842 ratio,
714 3791 877 3845 quamquam
912 3774 1026 3830 minime
1060 3775 1263 3839 oonteudertm,
1282 3781 1307 3788 ’“

338 3845 546 3916 uniceyveram
573 3863 638 3902 esre
664 3846 817 3916 primorum
844 3844 995 3899 verborum
1027 3843 1263 3914 explicationem,

339 3930 412 3982 quae
428 3915 543 3981 quidem
563 3927 698 3984 corrupta
716 3931 779 3970 esee
798 3930 851 3974 non
870 3912 990 3985 amplius
1009 3929 1123 3968 censeo.
1174 3912 1265 3967 Viro·

338 4000 398 4038 rum
413 3985 560 4040 doctorum
577 3985 732 4040 sententias
751 3983 888 4056 plurimas
907 3982 1091 4037 exhibuimus
1109 3981 1266 4036 iaAdnott·
1319 4043 1321 4048 y

338 4071 367 4126 p.
378 4055 479 4122 tttaq.
506 4055 604 4113 Verba
620 4051 676 4109 dard
691 4056 831 4124 repatriat
847 4067 1011 4121 qumquam
1029 4067 1084 4125 per
1101 4067 1134 4106 ae
1152 4047 1266 4108 omuino
