2728 4690
251 377 327 458 lot

252 550 429 618 difficilior
450 553 502 610 est
520 529 693 626 supplendi
714 524 847 611 modus,
876 545 973 616 quam
992 537 1030 594 ot
1049 527 1133 594 terri
1162 529 1281 609 possit,

255 649 290 702 et
309 639 473 720 integram
494 625 688 692 sententiam
710 616 820 682 reddit
840 632 955 700 perum
977 626 1096 698 aptam.
1149 607 1206 674 Tu
1233 615 1282 674 sic

256 729 429 784 construe:
451 713 504 774 καὶ
527 705 564 772 od
586 707 678 788 ἕδραν
700 699 814 786 ἔχουσα
834 725 867 764 π.
892 701 919 762 d.
940 697 991 762 Ἤ.
1002 747 1014 776 ,
1036 693 1157 776 (νόσον)
1180 695 1283 774 τιμνάν

255 802 341 877 sedin
364 825 397 861 π.
424 794 455 859 ἆ.
480 821 509 858 ν.
533 817 560 874 y.
586 814 651 864 oc,
675 786 752 862 ὅσον
772 809 802 847 κ.
825 809 852 848 τ.
876 791 903 846 l.
920 823 962 835 -
1003 783 1159 846 Ceterum
1180 781 1283 843 verba

226 877 230 884 ⁴
256 870 339 970 πρὸξ
360 881 465 962 δόμοις
485 873 663 960 Ἐρεχθέως
682 890 748 934 non
769 877 846 931 sunt
866 863 913 930 ita
935 863 1164 952 intelligenda,
1188 865 1283 946 quasi

255 969 413 1036 sacellum
439 957 686 1044 Eumenidum,¹
707 974 747 1016 ne
787 950 894 1014 dicam
932 953 974 1012 in
1004 947 1208 1026 Erechtheo,
1244 955 1284 1006 nt

256 1049 458 1118 Welckerus
480 1044 597 1108 scribit
618 1043 653 1101 in
675 1038 762 1100 libro
787 1034 832 1098 de'
851 1033 963 1120 trilog.
979 1031 1133 1112 Aeschyl.
1156 1032 1283 1118 petto,

257 1135 316 1202 sed
345 1137 435 1215 juxta
473 1129 579 1212 ipsum
609 1121 826 1184 Erechtheum
861 1119 961 1179 situm
997 1118 1117 1194 luerit,
1160 1115 1284 1197 quippe

257 1218 346 1305 quod
375 1221 497 1298 jaceret
525 1214 613 1271 inter
639 1205 820 1286 Acropolin
848 1210 882 1263 et
902 1201 1119 1286 Areopagum.
1184 1197 1284 1260 Nihil

257 1301 350 1368 aliud
375 1301 508 1364 volebat
529 1291 726 1366 Muellerus,
758 1305 861 1368 quum
879 1283 921 1344 ad
943 1282 1139 1346 Eumenidas
1166 1303 1198 1364 p.
1224 1285 1283 1348 lto

258 1387 439 1452 scribebat:
461 1376 639 1456 Aeschylos
659 1371 747 1433 kann
768 1368 872 1429 daher
891 1367 976 1430 auch
997 1365 1054 1430 das
1071 1365 1283 1454 Heiligthum

259 1473 319 1534 der
340 1468 478 1532 Semnae
507 1461 580 1521 dem
601 1457 712 1518 Hause
740 1451 796 1515 des
824 1447 1026 1513 Erechtheus
1058 1447 1144 1512 nahe
1190 1442 1284 1528 (πρὸς

260 1552 366 1634 δόμοις
386 1543 577 1632 Ἐρεχθέως)
608 1550 736 1615 setnen,
767 1536 829 1598 mit
855 1533 1014 1597 welchem
1041 1531 1219 1594 Ausdruch
1247 1553 1283 1594 er

259 1640 318 1702 die
335 1649 535 1724 ganum-von
556 1625 618 1686 den
639 1625 776 1684 tiltesten
794 1617 945 1704 Kdnigen
968 1616 1155 1695 bewohnte,
1177 1617 1286 1678 Akro-

258 1723 336 1806 pole
363 1718 485 1780 Athens
514 1704 715 1773 bezeichnet.
768 1702 969 1782 Quamquam
997 1699 1086 1782 quod
1115 1710 1285 1782 postremo

260 1810 335 1868 loco
357 1795 457 1879 dicit,
483 1791 666 1856 Fritzschio
687 1793 858 1863 monente,
886 1804 952 1846 non
974 1785 1109 1845 omnino
1133 1803 1216 1867 opus
1237 1793 1286 1854 est

260 1899 299 1952 ut
319 1881 491 1950 statuatur.

344 1963 464 2030 Versu'
483 1965 546 2027 822
572 1961 609 2022 in
640 1955 711 2019 cod.
738 1950 837 2016 Med..
858 1948 945 2052 apud
974 1949 1110 2050 Weig„
1145 1953 1182 2012 in
1212 1950 1282 2014 0011,

262 2053 360 2128 uob„
385 2047 524 2128 Guelph‘.
544 2041 630 2126 apud
643 2039 762 2102 Aldurn
783 2054 845 2119 pro
868 2033 983 2107 αοίνονς
1005 2036 1129 2120 legitur
1151 2031 1281 2108 ἀοίνους.

262 2134 354 2200 Illud
386 2153 403 2194 a
439 2131 626 2208 conjectura
657 2119 841 2184 Robortelli
870 2121 971 2181 vulso
1006 2117 1138 2178 illatum
1169 2130 1219 2182 est
1249 2123 1284 2180 in

235 2219 439 2286 ‚verborum
467 2209 634 2274 ordinem.
698 2202 763 2266 Sed
798 2210 887 2264 recte
921 2168 1086 2264 henricus
1121 2203 1284 2264 Ludolfus

263 2305 391 2368 Ahrens
412 2301 447 2358 iu
463 2292 736 2358 commentatione
748 2285 788 2348 de
801 2288 906 2348 causis
923 2283 1116 2367 quibusdam
1131 2286 1285 2366 Aeschyli

174 2433 176 2440 ·
264 2385 409 2450 nondum
427 2383 506 2444 satis
523 2374 686 2440 emendati
707 2394 737 2456 p.
752 2375 794 2434 29
812 2370 974 2430 librorum
988 2389 1084 2430 mser.
1108 2372 1286 2434 lectionem

263 2475 367 2534 tuitus
396 2475 445 2530 est
471 2461 630 2528 vocabulo
660 2457 702 2520 ad
733 2450 851 2537 βλαβᾶς
871 2455 987 2516 relato.
1043 2451 1175 2516 »Multo
1197 2456 1287 2517 enim

264 2557 383 2618 melius
404 2571 447 2612 ex
465 2549 526 2610 illo
548 2543 701 2622 Aeschyli
721 2559 799 2614 usu,
833 2558 850 2598 e
872 2556 937 2618 quo
957 2536 1034 2598 voci
1060 2539 1286 2623 metaphorice

265 2639 434 2718 adhibitae
454 2633 558 2694 soleat
579 2627 748 2708 epitheton
772 2620 909 2698 addere,
942 2618 1123 2700 quodcum
1149 2625 1287 2704 propria

266 2725 335 2802 ejus
356 2719 458 2780 'vocis
496 2711 736 2814 significatione
768 2713 907 2848 pugpset,
946 2712 984 2765 ut
1019 2701 1108 2786 Sept.
1147 2705 1205 2768 Vs.
1228 2709 1287 2771 81:

266 2805 352 2878 κόνις
375 2800 506 2870 ἄναυδος
529 2797 665 2878 ἄγγελος,
690 2790 803 2873 Suppl.
860 2789 970 2852 .872:
1001 2785 1106 2860 δίπους
1129 2786 1222 2868 ὄφις,
1251 2799 1289 2850 ut

266 2889 404 2972 proprio
434 2882 587 2948 vocabuli
614 2895 710 2939 sensu
740 2873 868 2936 sublato
896 2871 1123 2951 metaphorica
1150 2875 1202 2936 vis
1231 2894 1289 2934 au.

213 3013 218 3022 .
290 2981 399 3046 eatur,
428 2963 604 3048 σπλάγχνων
629 2955 764 3042 plaude,
796 2956 995 3028 locutionem
1015 2957 1289 3036 metaphoricam,

269 3057 390 3126 αοίνονς
411 3053 543 3124 vocari,
577 3067 672 3129 msam
692 3039 893 3125 θυμώμνναν
944 3037 1056 3124 Pergit
1076 3040 1132 3100 vir
1152 3039 1289 3103 docum

271 3139 422 3200 »Robort
451 3132 646 3196 scholiastae
677 3126 928 3212 explicationem
960 3129 1114 3204 sequutus
1135 3123 1289 3188 videtur:

271 3223 317 3287 ὅτι
338 3223 389 3283 καῖ
411 3215 585 3288 οἰνωθέντες
608 3209 721 3296 τρόπον
742 3207 809 3271 τινὰ
829 3207 960 3287 γίνονται
981 3199 1141 3284 ἐμμανεῖς,
1176 3229 1292 3309 apuam.

267 3325 367 3389 quam
393 3301 469 3367 inde
496 3299 694 3365 concludere
721 3314 787 3356 non
814 3293 908 3367 licet,
940 3289 1149 3351 scholiastem
1172 3295 1293 3365 οοίνοις

268 3393 414 3476 legisse«
478 3383 576 3464 Cujus
590 3380 783 3446 ‘sententiae
814 3373 854 3436 de
884 3375 993 3454 priori
1023 3382 1118 3454 parte
1155 3374 1293 3450 dubit03

247 3472 357 3560 apud
384 3469 610 3534 Robortellum
641 3463 747 3548 ipsum
776 3461 816 3523 de
834 3457 903 3519 'hac
931 3477 968 3519 re
995 3456 1082 3516 nihil
1110 3463 1296 3542 reperitur,

224 3591 227 3600 ‹
269 3561 335 3623 nisi
356 3557 470 3618 hoccei
506 3553 618 3628 scelos
648 3547 722 3628 (sic)
745 3542 877 3614 olchete,
906 3561 982 3601 nam
1002 3539 1221 3605 Eumenidum
1244 3565 1297 3606 sa.

269 3661 361 3705 crum
383 3660 448 3703 non
464 3637 567 3700 -fiebat
585 3635 700 3705 vinnm
724 3627 765 3690 de
785 3630 888 3690 altera
910 3643 1044 3705 prorsus
1065 3627 1252 3693 consentio.

353 3725 392 3786 In
412 3729 566 3804 sequente
592 3735 688 3781 versu
706 3714 760 3778 vel
788 3705 982 3792 explicando
1003 3708 1058 3770 vel
1085 3709 1299 3776 emendando

270 3812 469 3899 magnopere
496 3802 694 3867 sudaverunt
727 3799 876 3858 homines
904 3790 1003 3856 docti.
1066 3791 1142 3878 ῌοο
1181 3804 1300 3860 tamen

181 3907 184 3912 '
270 3903 400 3960 constat
420 3889 530 3966 hodie,
551 3886 650 3949 verba
662 3901 723 3964 pro
737 3881 870 3964 vulgata
889 3877 1036 3938 universi
1049 3876 1123 3936 ¹loci
1145 3878 1301 3945 lectione

270 3978 426 4058 corrupta
455 3987 532 4036 esse.
592 3968 665 4030 Jam
686 3963 868 4028 Hermanni
895 3957 1026 4039 quidem
1054 3962 1301 4044 conjecturam,

269 4081 330 4146 pro
345 4055 473 4136 ἕξελοῦο
484 4049 701 4120 scribendum
718 4045 857 4112 dicentis
873 4038 1016 4119 iis'doos',
1040 4061 1137 4126 quam
1159 4047 1198 4108 in
1223 4070 1302 4114 rem
