2794 4692
1046 343 1159 422 cxlx

134 601 403 610 --—---.--——-·——

240 709 299 748 uam
318 692 347 747 in
365 695 460 750 medio
481 695 608 760 judicum
633 698 751 752 stetisse
770 696 939 752 scholiastes
955 692 1039 748 modo
1057 690 1160 748 citatus

237 763 389 830 adnotavit,
406 779 461 831 qus
477 764 544 831 fide,
563 766 592 819 irr
610 766 703 820 medio
717 766 947 833 relinquendum
965 761 1072 832 Apollo
1089 759 1159 827 quin

238 832 370 900 proxime
388 833 518 886 Orestem
536 832 684 890 stationem
702 836 852 901 habuerit,
881 833 953 886 milri
972 830 1084 898 quidem
1102 844 1158 882 non

237 901 352 956 dubium
372 901 492 956 videtur.
511 931 543 944 -
580 904 661 959 Quod
679 903 809 957 Minerva
833 918 932 958 caussa
955 907 1087 969 perorata
1106 896 1157 950 Vs.

236 973 287 1024 att
303 968 456 1037 siguificat,
474 972 657 1043 Areopagitis
672 973 840 1027 sententiam
854 970 1005 1025 serendam:
1013 983 1078 1021 esse
1092 963 1110 1016 ai
1115 960 1158 1045 ”9⁸

143 1073 154 1082 ..
174 1099 176 1101 ¹
235 1035 388 1108 perippr,
400 1041 527 1108 apprime
544 1042 679 1098 convenit
697 1059 759 1095 eum
777 1059 826 1107 eo,
852 1041 927 1108 quod
945 1053 1014 1093 rere
1031 1035 1160 1090 obtiuurt

237 1108 267 1161 in
288 1110 454 1190 Areopago:
489 1107 522 1162 ori
549 1108 600 1179 peip
626 1109 657 1164 ἐκ
681 1108 731 1164 τοῦ
756 1108 834 1179 ia'poo
859 1106 943 1178 μόνον
965 1102 1027 1160 oa’ii
1050 1101 1080 1158 is
1103 1100 1159 1158 τῶν

236 1195 409 1246 prorepsere,
443 1175 502 1230 ἀλλ’
518 1177 548 1242 ἐξ
563 1172 602 1233 ὧν
618 1175 694 1234 arisai
718 1178 862 1246 ἕξησέκσσι
877 1184 922 1231 sai
944 1179 1074 1238 sevisset,
1108 1167 1160 1237 τήν

235 1244 331 1313 ψῆφον
348 1251 457 1314 φέρουσι
474 1249 634 1303 Aeschines
651 1249 695 1302 ait
711 1258 783 1302 orat.
801 1249 862 1302 adv,
880 1243 1103 1302 Timareit.·c.3i
1122 1241 1159 1294 tie

141 1348 144 1356 ·
185 1345 187 1353 =
234 1315 309 1384 ipsis
327 1315 512 1385 treopngttis
529 1333 624 1385 agens.
658 1317 802 1371 Ferebeut
819 1327 908 1371 autem
925 1311 1065 1381 suffragia
1082 1319 1159 1364 staa-

234 1395 278 1438 tes
296 1385 360 1450 (cir.
379 1385 434 1439 Vs,
449 1387 510 1450 678)
529 1386 564 1440 de
582 1403 674 1451 more,
699 1386 876 1453 etquidem,
900 1396 931 1438 ut
950 1383 1078 1443 viderur,
1097 1378 1159 1432 cal·

140 1476 144 1487 «
233 1451 310 1506 culis
335 1454 372 1508 de
394 1469 443 1506 ara
461 1453 611 1508 Minervae
634 1455 757 1508 sublatis
781 1455 843 1519 (eir.
864 1453 916 1507 Vs.
932 1455 986 1506 otti
1001 1447 1096 1520 ψῆφον
1112 1447 1159 1502 ai'-

164 1559 168 1568 .
234 1525 320 1590 parsip
354 1531 384 1575 et
407 1521 539 1586 solebant
556 1539 620 1576 rere
638 1523 668 1576 iu
687 1523 855 1591 Areopago,
887 1519 966 1575 utin
989 1518 1057 1572 eliis
1078 1515 1158 1583 judi·

234 1589 304 1654 ciis,
339 1588 369 1642 iu
387 1591 471 1644 rebus
489 1590 670 1658 gravioribus
689 1592 724 1646 de
741 1607 791 1645 ara
808 1593 886 1645 terre
908 1586 1059 1656 suffragia,
1092 1584 1159 1638 vide

139 1679 161 1705 ι’·
236 1674 307 1725 quos
333 1657 434 1712 citavit
454 1659 647 1714 Dissenies
669 1661 705 1714 ad
722 1661 868 1714 Demosth.
887 1669 957 1712 orat.
976 1673 1029 1726 pro
1053 1667 1160 1710 corone

138 1761 142 1768 -
234 1743 262 1796 pt
282 1728 341 1781 306.
387 1727 482 1780 Porro
499 1729 636 1796 suffugia
658 1730 730 1782 ciam
747 1730 806 1782 luta
830 1725 936 1792 fuisse,
970 1733 1001 1778 ut
1018 1739 1085 1778 usus
1104 1737 1157 1791 po·

139 1829 146 1838 ·
234 1794 373 1863 stulabat,
399 1795 528 1861 sequitur
549 1808 604 1852 tum
622 1815 661 1851 ex
678 1799 812 1852 universa
830 1794 940 1850 ratione
957 1809 1068 1860 eorum,
1086 1806 1158 1858 quae

233 1864 364 1918 Minerva
390 1864 461 1920 dicit
488 1867 556 1920 inde
580 1867 665 1921 a-Vs.
685 1869 735 1920 rut
758 1883 848 1934 usque
870 1865 905 1918 ad
929 1863 982 1918 Vs.
1000 1866 1065 1926 att,
1100 1870 1158 1916 tum

234 1933 280 1986 vei
297 1951 314 1986 e
333 1933 396 1987 solo
414 1933 465 1988 Vs.
484 1938 544 1991 ill.
580 1936 642 1989 Una
659 1936 789 1989 Minerva
812 1951 891 1989 suum
915 1932 1081 2000 suffragium
1104 1944 1156 1999 pa-

232 2003 288 2055 lem
312 2002 368 2056 fert
392 2013 421 2057 et
443 2019 480 2056 ue
506 2003 646 2058 taciturna
671 2006 801 2072 quidem,
836 2019 919 2072 quum
947 2010 1038 2055 temen
1066 1996 1157 2068 »apud

164 2095 168 2109 ·
231 2072 362 2126 Athenas
376 2071 487 2126 Atticas
504 2073 698 2142 Areopagitae
716 2083 841 2128 tacentes
856 2070 1014 2140 judicetur«
1041 2078 1073 2122 ut
1089 2082 1156 2121 ver·

139 2174 143 2182 -
231 2139 278 2194 bis
289 2140 433 2194 Macrobii
449 2141 571 2207 (Seturu.
582 2143 648 2208 vlt,
659 2145 686 2196 li
704 2152 776 2198 utar.
802 2143 882 2198 Quae
900 2156 947 2194 res
966 2139 1036 2192 iacit
1052 2139 1087 2191 ad
1106 2152 1155 2190 ve-

229 2224 289 2264 ram
307 2209 412 2264 cuiculi
429 2211 579 2266 Minervae
603 2211 741 2266 rationem
764 2210 995 2278 cognoscentem.
1030 2206 1087 2262 Sed
1112 2203 1156 2258 vi-

137 2309 140 2317 ·
229 2277 344 2334 deutrus
363 2279 398 2332 tie
417 2278 622 2349 ipsensium,
651 2297 706 2346 qua
722 2281 782 2334 lats
800 2282 859 2336 siut
876 2278 1028 2346 suffragia,
1057 2273 1156 2345 paulio

144 2393 148 2400 .
230 2347 398 2405 accuratius.
441 2349 611 2413 Quaeritur,
639 2350 687 2402 ubi
706 2365 777 2402 urna
795 2351 841 2402 rel
858 2364 948 2402 urnae
964 2345 1075 2416 positae
1093 2343 1156 2396 tue·

221 2415 306 2482 aiat,
332 2415 362 2470 in
379 2429 460 2482 quem
478 2418 525 2472 vei
542 2433 612 2484 quas
631 2417 735 2471 ueiculi
753 2417 994 2484 conjiciebamus,
1020 2421 1090 2479 quot
1106 2427 1156 2464 ur·

230 2500 283 2539 rrae
308 2484 432 2548 fuerint,
468 2496 536 2553 quot
563 2487 690 2540 oaknios
716 2486 838 2553 quisque
861 2484 987 2551 judicum
1012 2479 1156 2534 habuerit.

138 2575 143 2606 :
227 2550 347 2609 &tinem
365 2569 425 2608 mos
442 2553 523 2609 circa
542 2554 592 2608 iras
610 2571 657 2609 res
675 2554 800 2609 tenuerit
817 2556 845 2607 irr
863 2556 1031 2621 Areopago,
1055 2557 1098 2611 et,
1127 2546 1155 2602 si

137 2650 142 2670 ι
230 2633 327 2676 certus
345 2621 448 2688 fuerit,
482 2639 546 2678 rrum
565 2624 694 2678 omnibus
719 2623 895 2694 temporibus
916 2622 996 2675 idem
1008 2616 1155 2682 manserit,
1184 2684 1187 2688 ¹

229 2705 348 2761 prorsus
367 2691 505 2746 incertum
523 2704 574 2748 est.
610 2693 827 2759 Muellerus,
845 2706 929 2759 quum
946 2689 975 2742 iu
992 2687 1067 2742 artis
1084 2702 1156 2756 ope·

232 2758 332 2824 ribos,
366 2775 439 2826 quae
464 2777 550 2832 supra
573 2763 609 2814 ab
637 2761 701 2832 ipso
727 2761 812 2816 citata
839 2759 1040 2820 indicavimus,
1075 2770 1155 2808 uuam

137 2863 149 2872 ··
231 2839 334 2882 tantum
358 2845 454 2882 urnam
473 2846 636 2901 expressam
661 2829 854 2900 repperisset,
873 2857 904 2872 ··
940 2828 991 2881 seri
1009 2827 1039 2880 iu
1056 2841 1154 2878 mouu-

229 2909 339 2962 mento,
357 2900 433 2978 quoti
451 2910 546 2954 exstat
564 2900 593 2953 in
613 2900 723 2954 Galler.
743 2898 865 2981 Giustio.
882 2899 921 2961 11,
936 2899 995 2977 1³32,
1015 2896 1086 2948 duae
1105 2909 1155 2947 ur·

229 2963 1156 3116 tit“tit'fttttttr‘'itttttitttttitttt{titt

135 3137 140 3147 ·
232 3104 381 3163 vocabulo)
399 3105 452 3158 rita
469 3117 624 3171 instructu,
650 3107 679 3161 in
697 3122 792 3162 mensa
810 3106 951 3160 collocata
968 3112 1028 3167 est,
1052 3102 1155 3165 altere,

231 3174 306 3239 quod
324 3173 457 3239 mireris,
493 3175 546 3228 sub
564 3191 658 3229 mensu
680 3176 802 3242 jacetis
825 3176 966 3228 latere-
983 3171 1099 3238 negarit
1117 3185 1155 3222 ex

135 3277 140 3284 ·
230 3241 294 3296 iliis
312 3257 415 3296 morem
440 3244 539 3297 euriae
557 3244 779 3314 Areopagiticae
802 3243 936 3312 cognosci
961 3256 1054 3312 posse.
1091 3238 1154 3293 Nec

230 3327 285 3376 ego
303 3327 364 3364 cum
383 3311 595 3366 Frituschio
614 3323 720 3368 temere
738 3312 892 3368 notaverim
910 3313 965 3365 hoo
983 3309 1036 3362 viri
1056 3309 1153 3362 irarum

231 3395 323 3434 rerum
344 3380 515 3450 peritissimi
536 3382 692 3449 iudicium,
725 3383 849 3436 indolem
868 3391 896 3435 et
918 3391 1019 3435 statum
1038 3377 1154 3431 iliorum

228 3449 299 3504 artis
317 3465 434 3518 operum
454 3461 604 3521 reputans,
634 3465 795 3519 quamquem
814 3467 861 3505 res
879 3449 992 3503 omnino
1012 3448 1041 3501 in
1060 3445 1153 3499 medio

214 3517 416 3586 ,relinquenda
435 3531 486 3575 est.
530 3519 647 3574 interim
670 3520 855 3588 conjecerim,
891 3533 985 3573 urnam
1004 3516 1050 3571 rel
1069 3530 1153 3568 urnas

229 3587 259 3642 itt
287 3587 339 3640 hac
365 3603 464 3642 caussa
487 3588 516 3643 in
538 3603 633 3643 mensa
657 3589 765 3658 positas
789 3589 896 3654 tuisse,
931 3586 1006 3653 quod
1023 3581 1157 3638 evenisse·

228 3657 274 3712 vel
294 3656 347 3710 itta
364 3658 433 3710 artis
451 3668 627 3712 monumenta
643 3658 748 3712 docere
767 3667 899 3729 possunt,
918 3657 982 3710 dum
1000 3655 1074 3723 apud
1091 3654 1151 3706 De-

228 3727 400 3780 mosthenem
416 3727 454 3780 de
479 3727 544 3780 tais.
563 3729 649 3796 legat.
668 3745 695 3797 p.
713 3730 763 3780 stt
782 3743 848 3783 usus
867 3742 950 3781 urnas
970 3725 998 3778 iu
1016 3734 1152 3790 suggestu

227 3794 325 3848 neseio
344 3799 424 3862 cujus
443 3795 605 3850 collocandi
623 3797 777 3866 reperitur.
822 3798 901 3851 Duas
920 3795 1045 3860 reliquas
1065 3807 1152 3857 quae·

228 3861 337 3916 stiones
356 3862 500 3932 tetigimus
516 3868 570 3930 jam
590 3865 618 3920 iu
637 3867 752 3921 Adnott.
771 3884 799 3937 p.
819 3869 885 3930 15⁰,
909 3881 965 3932 quo
984 3865 1050 3916 ioco
1069 3875 1151 3928 quum

229 3931 259 4010 ip
284 3947 315 3984 re
340 3933 524 4002 disceptanda
551 3934 616 3988 iude
643 3935 766 4003 proiecti
792 3949 933 3998 essemus,
969 3942 1000 3985 ut
1021 3936 1151 3996 Areopa·

227 4007 302 4067 grtes
325 4000 407 4056 birros
432 4004 558 4056 estoutos
584 4003 714 4060 diversos
740 4004 874 4060 habuisse
902 4013 1008 4056 certum
1035 4009 1151 4067 putare·

228 4084 304 4135 mus,
328 4071 406 4126 nihii
423 4071 580 4142 potuimus,
607 4073 663 4128 uisi
682 4072 829 4137 indicere,
862 4085 952 4126 unaue
966 4083 1040 4123 ursa
1063 4083 1151 4138 porre-
