2794 4692
239 335 268 410 Θ

308 499 515 598 Respondet
530 500 681 595 Apollo,
709 495 851 572 venisse
873 521 912 570 se
932 507 1014 569 tum
1034 508 1269 590 testatorum,

209 665 212 680 .
241 607 411 682 Orestem
437 601 535 674 euim
560 601 649 673 olim
675 597 874 693 supplicem
900 595 958 670 ad,
973 593 1078 681 aedes
1100 622 1183 673 suaa
1207 626 1270 673 ve-

238 705 338 780 nisse
364 717 401 775 et
426 701 471 777 ad
502 702 630 774 focum
654 697 803 772 illarum
828 695 1030 771 consedisse
1053 712 1159 795 atque
1183 724 1206 773 a
1228 725 1270 774 se

165 885 168 892 ,
241 804 427 901 expiatum
459 825 564 892 esso,
603 843 653 854 -
698 813 777 872 turn
815 821 919 872 suam
950 820 1119 872 caussam
1152 798 1270 874 diotu-

241 929 328 979 rum
339 901 411 994 ⁹⁹),
436 926 475 976 se
497 900 598 974 enim
618 899 762 994 culpam
789 898 966 972 sustinere
986 898 1169 999 sanguinis
1191 925 1269 974 ma-

241 1003 340 1078 terni
362 1002 407 1078 ab
431 999 616 1076 mosanti.
670 998 756 1072 Inde
779 998 986 1074 Minervam
1009 996 1195 1093 hortatur,
1228 1019 1283 1077 ut·

193 1125 200 1140 ·
244 1129 414 1184 caussam
438 1103 478 1176 in
503 1098 681 1198 judicium
707 1095 869 1172 adducat.

333 1203 501 1278 Minerva
517 1225 683 1276 caussam
702 1198 741 1272 in
758 1198 937 1294 judicium
953 1197 1130 1274 adducens
1147 1199 1270 1278 Furiis

246 1304 413 1394 mandat,
449 1317 490 1376 ut
514 1301 655 1400 priores
680 1321 848 1376 caussam
874 1298 1004 1373 dicant.
1384 1376 1385 1384 χ

319 1403 526 1504 Choragus,
552 1415 592 1478 ut
610 1399 754 1476 videtur
770 1397 859 1492 l⁰⁰),
885 1399 1044 1491 monito,
1076 1424 1116 1474 se
1136 1402 1271 1476 multas

243 1561 533 1572 una-..mm

344 1651 402 1694 nou
428 1649 462 1688 ee
487 1629 638 1701 expressis
664 1629 762 1686 verbis
787 1629 898 1699 prolatu
926 1630 980 1686 illo
1005 1630 1091 1690 loco.
1126 1629 1197 1684 haec
1214 1637 1269 1696 est,

345 1701 421 1774 quod
441 1701 509 1757 talis
525 1697 679 1754 admonitio
697 1707 726 1752 et
744 1699 929 1770 provocatio,
964 1700 1057 1766 qualis
1076 1696 1122 1752 his
1139 1698 1270 1752 versibus

346 1769 529 1832 continetur,
557 1771 613 1834 iem
631 1784 684 1837 per
701 1783 733 1821 se
750 1767 912 1836 praesidem
926 1765 1031 1834 judieii
1048 1767 1144 1832 decet,
1173 1779 1269 1838 partes

347 1842 478 1896 dedecet.
513 1833 637 1891 Quarum
655 1836 690 1889 ad
708 1835 802 1890 munia
818 1836 845 1890 si
865 1839 1038 1906 pertineret,
1060 1835 1170 1904 reliqui
1188 1853 1270 1890 scru-

286 1969 289 1978 1
349 1908 434 1981 puli,
462 1919 533 1972 quos
551 1916 650 1960 contra
667 1904 806 1972 vulgatam
826 1905 994 1960 sententiam
1010 1905 1161 1971 movimus,
1186 1904 1271 1960 nobis

347 1973 543 2046 probabiliter
560 1971 647 2041 eximi
666 1981 806 2042 possenti
834 1988 996 2042 quamquam
1016 1973 1060 2041 is,
1086 1990 1167 2042 quem
1184 1975 1270 2030 etiam

346 2060 435 2113 supra
452 2044 472 2097 l.
492 2060 517 2096 c.
535 2040 699 2109 tetigimus,
734 2056 790 2094 uon
807 2055 874 2096 sane
891 2059 925 2096 ea
944 2043 1072 2109 ratione,
1107 2059 1187 2112 quem
1212 2043 1270 2096 ibi·

314 2177 317 2182 ,
346 2117 412 2168 dem
430 2109 612 2180 signavimus.
666 2109 789 2162 Omnino
805 2120 898 2166 autem
914 2113 1048 2168 lubenter
1066 2112 1210 2180 concedo,
1241 2113 1271 2166 id
1386 2121 1387 2174 j

252 2221 255 2230 .
348 2181 425 2250 quod
443 2179 571 2302 Apollo,
606 2175 632 2232 si
659 2179 733 2232 hunc
759 2193 914 2234 sermonem
940 2181 976 2236 ed
998 2177 1101 2236 Furias
1126 2181 1270 2236 direxisse
1386 2189 1387 2222 1

348 2249 464 2318 cogitatu
487 2263 519 2302 us
538 2257 637 2313 esset,
671 2263 731 2299 cum
750 2246 822 2302 solis
839 2246 938 2304 verbis
960 2244 992 2303 od
1010 2245 1039 2306 dd
1062 2249 1216 2306 orationem
1234 2251 1271 2303 ed

349 2319 435 2377 aliem
453 2332 602 2389 personam
619 2325 820 2382 converteret,
855 2335 909 2388 per
929 2332 962 2372 se
985 2319 1030 2372 nil
1047 2321 1144 2375 velere
1165 2321 1201 2374 ed
1218 2336 1271 2374 uo·
1386 2313 1387 2356 l

349 2397 436 2444 stram
454 2384 620 2440 sententiam
636 2385 827 2454 probandam
856 2395 934 2442 esset
952 2395 1060 2452 umen,
1086 2405 1142 2455 quc
1160 2389 1209 2444 hic
1226 2390 1272 2441 lo·
1386 2391 1387 2424 ἓ

347 2473 400 2584 {1⁰³
419 2473 453 2579 γὲ
455 2473 480 2576 ὅ
489 2455 625 2528 differret
639 2455 675 2508 ab
693 2471 739 2519 eo,
757 2453 808 2522 qui
826 2455 933 2523 legitur
947 2457 1024 2526 apud
1040 2457 1143 2530 Eurip.
1154 2457 1271 2513 Heracl.
1386 2519 1387 2526 ἵ

378 2529 437 2582 s.2
472 2563 481 2580 .

348 2618 395 2672 lta
415 2633 453 2671 ex
475 2613 588 2670 licenda
609 2623 676 2669 suot
698 2613 804 2669 verbs:
838 2618 884 2670 eet
910 2613 1071 2687 αυνδιαῆααν
1093 2615 1191 2686 adeda,
1217 2619 1271 2677 Vs.
1317 2649 1318 2656 κ

247 2729 249 2736 .
347 2687 409 2741 sto.
445 2631 492 2738 lie
509 2685 538 2739 vi
557 2692 587 2738 et
604 2697 656 2736 usu
675 2683 755 2738 vocis
772 2679 851 2737 adeda
869 2685 921 2739 cir.
940 2687 1133 2744 Bernhard.
1152 2689 1172 2744 S
1194 2697 1272 2744 atax.

347 2753 446 2826 pli?
474 2751 525 2809 inl.
561 2753 765 2807 Muellerus
799 2752 1006 2824 interpretatus
1039 2761 1101 2813 este
1146 2776 1160 2809 e
1203 2773 1272 2812 anu

348 2822 438 2876 anch
462 2823 516 2874 als
538 2821 733 2884 nivele«,
762 2819 798 2875 de
814 2825 954 2878 vocabulo
971 2823 1070 2891 adeda,
1097 2835 1128 2881 ut
1148 2826 1272 2892 videtur,

350 2891 426 2944 idem
444 2899 590 2955 statuens,
610 2890 687 2958 quod
706 2889 902 2958 Elmslejus
919 2894 1013 2951 adnot.
1032 2897 1066 2950 ad
1084 2896 1183 2967 Eurip.
1195 2897 1273 2951 llled.

348 2959 401 3023 Vs.
414 2961 481 3024 1⁵5,
500 2969 558 3013 not.
572 2975 599 3026 q.
644 2957 788 3014 Similiter
803 2959 902 3029 plures
921 2961 978 3018 viri
996 2965 1075 3019 docti
1091 2972 1272 3028 censuerunt,

347 3029 371 3081 A
394 3027 514 3082 ullinetn
532 3026 631 3081 Oresti
655 3036 782 3093 tanquam
799 3043 916 3084 caussae
960 3043 1086 3088 etronntn
1109 3035 1137 3089 in
1161 3035 1273 3105 judicio

340 3111 364 3150 e
386 3112 459 3151 esse.
488 3095 546 3150 Sed
564 3102 759 3167 praeterquam
777 3099 851 3164 quod
872 3098 924 3154 illa
936 3106 1152 3172 interpretandi
1166 3103 1273 3160 retica

348 3164 1272 3235 verbisproximesequentibusmaximameommeudationemlrs·

347 3235 415 3303 betp
426 3235 495 3288 haec
504 3250 572 3288 vero
583 3231 732 3301 minimam,
750 3232 855 3290 Sextus
866 3237 1028 3309 Empiricos
1038 3245 1099 3298 adv.
1110 3244 1272 3298 Mathemat.

347 3303 396 3369 11,
419 3319 450 3373 p.
468 3304 519 3356 3⁰4
537 3301 582 3356 ed.
601 3301 714 3356 Fabrlc.
732 3305 880 3372 expressis
898 3310 994 3364 verbis
1014 3312 1118 3368 tradit:
1136 3309 1273 3380 Ἀθηναῖ-

347 3386 395 3462 ⁰¹⁶.
413 3367 451 3424 sd
476 3367 643 3458 medearis,
656 3365 703 3424 oda
721 3369 912 3459 juepdsprmo
929 3377 1071 3466 equ'popoe
1086 3385 1273 3452 παρίστασθαι

349 3444 807 3588 assolutamente:
824 3447 1164 3584 ,Mt
1181 3453 1272 3597 lul

325 3587 327 3590 ’
351 3577 414 3632 line
431 3577 580 3647 disertae,
607 3577 684 3632 nilnl
702 3579 812 3648 probat.

129 3731 131 3735 Ι
247 3663 313 3729 ΙΝ)
351 3665 412 3723 ctr.
443 3685 528 3752 supra
558 3672 651 3754 adnot.
679 3671 740 3755 il,
769 3691 798 3744 p.
826 3675 942 3734 van
968 3697 1038 3750 sq,
1075 3681 1217 3755 imprimis
1243 3705 1273 3758 p.

264 3749 266 3756 ’
348 3735 479 3818 mul
497 3742 547 3795 rol.
594 3741 827 3810 Dicatequuis,
855 3763 944 3804 unane
963 3749 1052 3804 Furia
1072 3751 1101 3808 in
1120 3755 1275 3811 hacsceue

350 3807 463 3888 dixerit
480 3823 514 3861 en
533 3811 648 3879 plures,
683 3827 699 3866 e
718 3813 815 3866 verbis
832 3813 885 3870 Vs.
903 3819 953 3872 555
971 3820 1093 3892 prolatis
1110 3833 1142 3879 ut
1158 3825 1273 3881 efficie-

352 3888 399 3931 tur
423 3877 572 3930 vrdendum
599 3895 671 3932 esse.
723 3880 803 3950 Ergo
829 3883 960 3951 equidem
986 3906 1078 3960 nego,
1108 3892 1274 3950 illaverba

352 3954 455 3998 certam
474 3947 587 4013 quidem
606 3949 797 4014 conjecturam
813 3952 982 4024 admittere,
1004 3959 1114 4088 quippe
1131 3979 1203 4031 quae
1220 3979 1273 4033 per

351 4029 384 4070 te
407 4013 549 4084 duplicem
576 4017 722 4088 patiantur
747 4019 1041 4092 interpretationem„
1102 4039 1176 4089 otest
1202 4031 1275 4086 enim
