2652 4688
230 345 305 422 2:18
345 345 348 358 '

232 520 307 602 Peg.
331 522 386 598 19,
407 517 450 580 ad
471 517 528 581 Vs.
543 517 593 581 92.
637 517 768 582 Nollem
791 519 975 584 Hermenni
997 525 1264 591 emendationem

273 601 406 683 ἐκνόμως
428 602 551 664 indicta
572 623 683 664 caussa
704 605 922 686 respuissem,
957 628 999 671 ne
1020 609 1166 687 eodem,
1208 635 1264 696 quo

274 689 435 770 reiiquas,
463 688 536 748 loco
560 686 709 769 habuisse
729 687 875 767 viderer,
898 711 1079 773 quaecum
1101 696 1265 758 facillima

273 773 334 845 sit,
372 781 441 832 tmn
470 789 531 831 usu
551 772 641 832 vocis
663 769 807 850 ἐκνομίως
827 772 1072 857 Aristophaneo
1096 777 1189 853 (vid.
1210 781 1262 842 νε.

273 856 345 921 982.
368 877 441 916 cum
462 853 570 916 adnot.
594 853 777 916 Hemsterh.
800 865 834 917 et
853 856 954 922 schol.
978 869 1079 942 atque
1102 862 1168 926 Vs.
1182 867 1262 938 993.)

273 947 307 999 et
336 944 530 1002 auctoritate
551 936 671 999 Suidac
699 939 738 1016 (ε.
761 940 818 1000 νε.
840 939 1000 1020 ἐκνομίως)
1026 946 1113 1006 satis
1148 950 1260 1008 confir-

274 1035 361 1087 mata
389 1024 497 1088 videri
526 1023 645 1105 possit,
688 1025 746 1104 qui
778 1022 894 1086 iisdem
921 1029 1010 1104 iere,
1055 1047 1147 1108 quae
1182 1031 1261 1112 apud

274 1110 376 1170 schol.
399 1107 565 1188 Aristoph.
595 1109 821 1186 reperiuntur,
860 1110 969 1170 verbis
997 1114 1123 1194 positis
1154 1113 1260 1176 addit:

275 1194 388 1274 λέγεται
405 1195 436 1254 δὲ·
453 1194 505 1254 καὶ
519 1187 666 1274 ἐκνόμως.
701 1187 766 1251 Sed
787 1189 975 1254 dubitabam
991 1193 1163 1276 equidem,
1188 1219 1262 1260 num

272 1300 367 1340 nsum
382 1276 519 1353 Comici,
540 1275 574 1334 in
598 1271 754 1352 ejusmodi
774 1272 904 1357 quidem
922 1278 1109 1358 vocabulis,
1133 1281 1172 1342 in
1195 1285 1263 1363 qui·
1301 1337 1302 1344 ,

242 1379 247 1388 “
274 1365 415 1424 huonon
433 1363 537 1422 solnm
552 1357 749 1440 scriptorum
768 1365 925 1439 tempora,
943 1360 1124 1426 sedetiam
1141 1385 1260 1451 genera
1301 1363 1302 1376 ²

274 1443 485 1508 discernenda
521 1441 692 1520 videntur,
733 1449 855 1503 temere
884 1443 926 1503 ad
964 1449 1115 1533 tragicos
1151 1459 1260 1530 poetes

263 1529 445 1593 'traducere
466 1529 589 1588 liceret.
634 1526 683 1586 De
702 1524 815 1611 Agam.
838 1525 894 1588 Vs.
913 1529 1004 1594 1452.
1028 1549 1176 1612 prorsus
1202 1553 1261 1594 non

274 1619 386 1697 liquet.
419 1613 469 1674 De
488 1611 591 1672 simili
611 1629 673 1670 usn
688 1611 779 1671 vocis
801 1607 934 1681 ἐξαίσιον
955 1613 1080 1674 nollem
1096 1614 1260 1677 Hermen·
1301 1599 1302 1632 ³

274 1721 334 1761 nus
355 1697 395 1760 ed
415 1697 514 1759 Hom.
531 1693 646 1774 Odyss.
660 1691 768 1767 XVII,
784 1694 857 1758 577.
880 1705 1110 1775 provocassem
1159 1709 1210 1762 est
1234 1703 1258 1759 is
1301 1755 1302 1770 ,

274 1804 350 1847 sane
371 1779 458 1844 hand
476 1799 569 1840 rems
587 1779 725 1848 maxime,
741 1775 829 1857 apud
843 1779 1005 1860 sequioris
1022 1783 1100 1843 sevi
1119 1787 1259 1865 scripto-
1301 1795 1302 1844 1

273 1889 343 1945 res,
378 1865 447 1929 vid.
468 1883 548 1947 quos
576 1863 691 1924 citavit
710 1860 895 1922 Heinichen
923 1861 964 1922 ad
984 1863 1106 1928 Enseb.
1131 1867 1258 1928 Histor.
1301 1857 1302 1917 9

213 2023 214 2030 ¹
273 1947 536 2024 Eccles.Lib.Il‚
553 1949 602 2010 17.
620 1943 775 2006 Judiceut
795 1943 927 2006 eruditi.
943 1944 1112 2025 ddjectivi
1136 1947 1263 2032 ἔκνομος
1301 1973 1302 2044 p

273 2037 391 2098 similis
421 2031 553 2113 quidem
590 2026 828 2110 quodammodo
861 2030 1059 2174 slppnificatio
1092 2043 1169 2111 est,
1212 2035 1262 2098 sed
1301 2079 1302 2110 ,

145 2191 148 2200 Ι
274 2116 361 2199 apud
379 2117 481 2197 Orph.
498 2116 680 2199 Argonaut.
694 2111 757 2174 νε.
775 2114 826 2176 oo.
908 2133 978 2174 eam
1000 2121 1261 2196 correctionem,

275 2219 468 2284 quamquam
485 2197 758 2271 minusfacitem,
779 2205 817 2256 ut
833 2200 1051 2276 praeferrem,
1074 2213 1260 2282 praeterea,

273 2286 372 2347 sicuti
399 2281 561 2357 indicavi,
603 2281 684 2342 fecit
708 2279 892 2340 scholiastis
918 2281 1121 2364 explicatio,
1173 2307 1263 2369 quem
1301 2291 1302 2370 9

274 2368 405 2452 quidem
426 2367 528 2448 probe
556 2361 801 2426 considerabam
828 2363 953 2426 verbis.-
997 2362 1035 2428 οὐ
1055 2365 1162 2446 μόνον
1183 2374 1262 2450 τιμᾷ,
1301 2377 1302 2418 9

274 2451 349 2516 ἀλλὰ
372 2455 425 2514 καὶ
447 2450 529 2530 σέβει
549 2468 642 2532 posse
662 2448 714 2509 vel
735 2447 839 2510 solum
863 2448 1056 2510 vocabulum
1085 2453 1183 2533 σέβει
1203 2459 1264 2516 cir-
1301 2441 1302 2486 9

274 2537 491 2602 cumscribere
510 2534 671 2607 volnisse;
713 2529 770 2592 sed
791 2531 854 2594 hoc
880 2540 975 2612 pacto
996 2534 1095 2595 verbi
1110 2537 1266 2618 Δἐκνόμιον

273 2625 325 2687 vel
347 2618 561 2703 quodcunque
589 2613 681 2678 aliud
709 2614 784 2676 loco
806 2617 873 2696 ejus
896 2614 937 2678 ob
966 2617 1082 2680 oculos
1106 2619 1267 2698 habebat,

272 2708 396 2768 nnllam
427 2705 560 2766 omnino
597 2701 759 2776 rationem
792 2697 942 2760 habuisse
977 2700 1154 2781 putandus
1187 2716 1267 2768 erat

272 2793 422 2854 Ceterum
436 2787 570 2850 verbum
587 2782 708 2862 ἕκτιμᾶν
723 2782 836 2844 eadem
854 2801 926 2842 cum
942 2783 977 2845 vi
993 2787 1149 2866 positum
1173 2811 1268 2874 repe·

241 2871 243 2876 ’
271 2878 359 2936 nitur
379 2868 466 2952 apud
485 2867 638 2948 Sophocl.
660 2867 779 2928 Electr.
801 2867 858 2928 Vs.
881 2867 931 2931 61.
974 2867 1129 2950 Emperii
1153 2894 1268 2936 emen-

210 2951 211 2954 '
272 2958 437 3020 dationem
455 2949 603 3033 ἐκγόνων,
633 2969 737 3032 nuper
758 2951 793 3012 in
809 2951 900 3014 Actis
917 2947 1094 3015 Societetis
1114 2954 1268 3021 Graecae

272 3041 453 3124 Lipsiensis
474 3038 549 3100 Vol.
571 3037 598 3112 Ι,
627 3035 714 3098 Faso.
736 3034 784 3110 H,
807 3056 839 3117 p.
861 3037 903 3096 90
923 3037 1156 3120 propositam,
1201 3063 1268 3104 non

275 3143 398 3188 moror.
568 3185 569 3188 ,

231 3245 272 3257 -·
292 3211 333 3272 21
344 3229 409 3290 sq„
429 3203 472 3266 ad
493 3205 549 3268 νε.
573 3205 633 3268 104
642 3224 689 3284 sq.
711 3209 744 3262 et
765 3201 825 3264 115
837 3221 902 3282 sq.,
930 3200 959 3260 si
980 3204 1066 3264 tanti
1090 3216 1165 3284 est,
1210 3213 1269 3272 cfr.

273 3297 376 3356 etiam·
410 3309 492 3371 quae
531 3293 762 3372 congesserunt
799 3281 978 3348 Blomiield.
1022 3285 1182 3353 Glossar.
1232 3291 1270 3353 ad

272 3367 387 3441 Aesdh.
409 3374 517 3434 Prom.
540 3369 597 3434 Vs.
620 3373 690 3435 676.
713 3379 746 3432 et
766 3366 890 3454 Pflugk.
922 3365 1034 3432 adnot.
1068 3370 1113 3434 ad
1146 3376 1270 3458 Enrip.

270 3460 404 3524 Heracl.
426 3457 483 3518 Vs·
507 3459 577 3522 994

271 3546 354 3607 Mox
375 3540 418 3604 ad
436 3541 493 3604 Vs.
516 3545 584 3604 llo.
607 3560 647 3604 ox
674 3559 739 3600 uno
761 3536 832 3603 cod.
855 3538 937 3624 Reg,
954 3537 993 3598 L.
1022 3537 1114 3618 apud
1146 3542 1271 3606 Faehs.

271 3649 333 3713 pro
354 3623 452 3687 πάντα
470 3626 564 3686 ταῦτα
588 3629 741 3686 enotatur
767 3625 898 3686 inverso
927 3619 1045 3688 ordine
1074 3627 1274 3708 scriptum:

270 3716 365 3776 ταῦτα
395 3707 504 3772 πάντα.
547 3706 625 3770 Vid.
656 3704 801 3770 Lobeck.
827 3705 937 3769 adnot.
966 3702 1008 3766 ad
1038 3701 1149 3788 Soph.
1175 3711 1274 3791 Ajac.

273 3800 332 3863 νε.
356 3797 445 3861 1923.
900 3816 904 3823 ’

271 3878 418 3945 Subinde
436 3875 494 3942 Vs.
517 3879 585 3940 112.
607 3895 667 3958 pro
697 3878 861 3956 scriptura
889 3869 1093 3956 ἇρκυσμάτων
1125 3889 1276 3958 praeter

272 3967 375 4027 libros
403 3959 639 4024 aVVeliauero
669 3960 785 4022 citatos
813 3979 879 4020 non
907 3959 1015 4028 solum
1041 3962 1130 4020 iacit
1161 3964 1276 4026 lectio

271 4047 361 4108 Med.
385 4065 402 4107 e
425 4045 535 4108 collat.
556 4042 720 4128 Weigel.=
761 4039 995 4123 ἄρκουσμάτων,
1018 4042 1079 4103 ubi
1101 4043 1154 4114 ad¹
1176 4067 1276 4130 aspe-
