2770 4690
1067 341 1153 415 xlx

126 499 257 576 ceteris
283 501 452 580 omnibus
471 505 703 582 vehementer
726 507 849 584 dubito
866 507 910 600 ⁹).
962 513 1148 611 Dropse

124 601 223 676 nius
247 603 287 676 in
312 603 425 698 libro,
471 633 541 702 quo
564 608 737 708 Aeschyli
770 609 971 710 tragoedias
1002 611 1041 685 in
1066 614 1148 688 han

121 699 253 775 barum
279 728 487 780 sermonem
513 709 714 803 transtulit,
762 713 802 784 T.
828 713 858 805 I,
884 737 916 810 p.
942 709 1017 792 217.
1042 737 1148 788 aram

119 799 307 878 Minervae
339 808 521 884 Pronaeae
554 809 593 882 in
628 810 805 885 vestibulo
841 812 996 908 positam
1035 813 1147 889 fuisse

120 918 249 976 censet.
321 907 378 978 De
414 932 479 984 ara
511 933 577 1008 ego
613 911 757 1006 quidem
792 912 882 986 nihil
915 929 1145 1010 compertum
1228 961 1230 967 ·

117 999 252 1096 habeo,
295 1008 461 1101 quamvis
486 1033 568 1082 eam
594 1035 665 1084 non
696 1013 902 1106 praefracte
932 1014 1143 1113 negaverim

115 1127 219 1198 posse
244 1105 375 1198 fuisse,
422 1107 465 1182 de
491 1123 607 1184 statua
631 1125 754 1186 tamen
780 1127 861 1189 ante
886 1113 981 1210 ipsas
1006 1113 1142 1211 Apolli·

114 1202 171 1277 nis
197 1205 299 1280 aedes
324 1222 446 1284 erecta
469 1211 647 1305 expressis
671 1212 794 1288 verbis
820 1214 978 1290 traditur
1002 1241 1024 1290 a
1045 1231 1142 1290 vete·

114 1302 216 1380 ribus
242 1309 581 1408 grammaticum),
616 1337 684 1387 neo
709 1316 828 1388 solum
854 1315 898 1388 ab
923 1315 1041 1406 hisce,
1079 1315 1140 1391 sed

113 1403 224 1479 etiam
250 1433 272 1482 a
297 1432 424 1482 rerum
450 1411 629 1505 scriptore
662 1414 833 1508 quodam,
882 1419 984 1513 cujus
1016 1432 1139 1490 tamen

110 1503 249 1599 locum,
272 1522 393 1603 utpote
406 1509 623 1606 ,explicatius
646 1516 997 1611 tractandum-atque
1019 1541 1138 1590 emen-

109 1602 255 1679 datione
280 1621 457 1707 egentem,
482 1608 543 1684 hic
569 1627 763 1706 praetereo.
800 1618 905 1689 Hanc
930 1607 1045 1717 igitur
1068 1631 1137 1692 ste-

106 1717 216 1779 tuam
241 1720 322 1780 anto
346 1711 523 1804 templum
549 1711 782 1808 conspicuam
806 1714 939 1808 fuisse,
974 1740 1046 1790 non
1072 1731 1137 1807 est,

210 1981 278 2037 sitis
295 1981 387 2037 omnia
404 1991 470 2039 uota
487 1983 552 2041 sint.
587 1983 643 2040 Sed
664 1987 734 2040 haec
756 1985 906 2050 hactenus3
940 1997 1012 2052 quae
1028 1999 1066 2038 ex
1084 1997 1133 2037 su·

208 2066 261 2121 pra
277 2049 389 2107 monitis
407 2054 491 2119 satis,
510 2054 629 2124 opinor,
648 2065 781 2126 apparet,
801 2053 905 2134 quibus
923 2051 1066 2134 posuerim
1085 2068 1132 2106 ra·

208 2118 335 2174 tionibus
353 2123 502 2186 adductus,
521 2135 645 2177 ceterum
663 2141 718 2177 nou
737 2123 943 2187 sanationes,
963 2121 1011 2174 der
1028 2137 1132 2175 meram

207 2187 413 2272 invocationem
431 2190 504 2271 niltil
523 2209 643 2260 cogere,
675 2202 705 2246 ut
729 2191 874 2312 statimhde
892 2187 1043 2280 simulacro
1052 2206 1130 2310 ¹geu·

205 2257 394 2407 tuitii?
412 2270 582 2407 attilia,
598 2263 761 2395 lutat?
777 2276 848 2384 dl:
861 2273 1129 2395 tilletum

202 2396 340 2462 ejusmodi
359 2397 499 2466 colligere
518 2400 601 2454 velle.
620 2429 653 2438 -

141 2463 169 2530 9)
203 2464 441 2519 (lucuscanum
466 2475 524 2533 est,
561 2464 875 2521 omninodubitandutn
900 2463 1027 2530 videtur,
1063 2479 1128 2517 num

201 2533 294 2600 ratio,
330 2548 382 2588 cur
399 2544 530 2616 quattuor
553 2537 667 2590 illorum
686 2536 802 2589 deorum
826 2530 1023 2613 simulacraiu
1042 2547 1127 2611 scena

203 2602 354 2673 conspicua
375 2604 466 2658 luisse
484 2615 580 2659 censet
597 2605 813 2667 Muellerus,
845 2601 947 2655 idonea
965 2613 1013 2656 stt.
1057 2601 1125 2654 Drs-

200 2670 307 2725 crimen
332 2673 405 2741 enlm
430 2672 521 2740 illud,
558 2675 632 2741 quod
652 2673 758 2742 Pythia
783 2670 852 2727 lacit
883 2671 919 2724 de
946 2670 1004 2724 diis
1028 2667 1125 2724 diceus

200 2740 247 2793 vel
267 2756 357 2794 exeo
381 2741 603 2812 explicationem
623 2743 724 2807 habet,
761 2741 835 2809 quod
855 2737 904 2820 illi
924 2738 1041 2819 proprii
1060 2755 1124 2820 ora:

201 2807 261 2863 culi
283 2809 390 2864 domiui
415 2812 461 2865 vel
486 2812 598 2866 fuerant
625 2813 671 2865 vel
692 2819 790 2875 eraut,
827 2809 932 2876 reliqua
962 2809 1034 2861 nllttl
1064 2824 1123 2862 msr

199 2879 342 2944 conjuncti
372 2880 440 2932 eum'
459 2881 566 2935 eodem.
602 2877 671 2936 vio.
689 2878 772 2933 etiam
791 2877 974 2931 Hermann.
993 2891 1068 2930 cens.
1093 2893 1121 2947 p.

197 2948 241 3001 19.
277 2945 370 3002 Taceo
388 2948 596 3018 oppositionem
616 2966 653 3004 ex
672 2947 727 3015 iis,
745 2961 817 3014 quae
833 2945 926 3000 statim
944 2946 980 2998 de
991 2945 1122 3026 Minerva

196 3013 329 3071 Promea
351 3019 550 3083 monebuntur,
582 3017 668 3072 facile
686 3016 895 3080 desumendum
929 3030 1021 3082 neque
1046 3030 1121 3094 entra

195 3083 309 3139 omuino
326 3086 515 3140 necessarium
535 3094 593 3153 est,
623 3094 653 3140 ut
670 3087 753 3154 hujus
771 3083 966 3150 simulacrum,
994 3096 1121 3149 quamvls

196 3169 296 3209 revera
313 3153 416 3220 luerit,
434 3166 672 3224 repraesentatum
689 3157 729 3211 sit
746 3156 782 3208 ab
798 3153 956 3224 Aeschylo.
992 3150 1064 3219 Sed,
1089 3161 1120 3206 ut

192 3221 229 3275 ud
246 3221 413 3293 Euripidem
439 3234 625 3290 transeamus,
662 3242 717 3280 nou
735 3224 817 3277 modo
842 3235 960 3294 prorsus
980 3221 1118 3275 incertum

192 3301 253 3358 est,
289 3291 413 3346 lueritue
438 3306 485 3345 ara
517 3293 552 3346 ab
580 3295 633 3347 hoc
661 3304 813 3348 memorata
843 3292 938 3346 eadem
967 3300 1051 3370 utque
1074 3306 1116 3354 ea,

191 3376 275 3427 quem
299 3359 454 3416 Pausanias
481 3377 605 3430 magnam
629 3378 664 3434 ap
687 3364 774 3428 ellat,
811 3377 905 3443 uerum
932 3358 1017 3441 etium
1042 3359 1116 3442 {¹¹⁰⁶

188 3428 306 3484 minime
325 3431 433 3498 liquet,
452 3447 485 3484 an
506 3431 582 3492 ideo,
602 3381 684 3498 quod
695 3445 779 3502 poeta
797 3431 886 3485 droit:
912 3425 1116 3509 palaeogonos,

189 3499 275 3569 plura
295 3499 447 3554 simulacra
474 3499 758 3567 intelligendarum,
794 3516 848 3568 ego
876 3499 988 3566 quidem
1006 3513 1115 3563 nescio,

188 3582 224 3622 au
243 3568 331 3622 satius
349 3569 401 3633 sit,
420 3570 543 3634 deum,
562 3585 652 3635 eoque
668 3568 830 3639 Apollinis,
850 3567 1002 3636 cogitasse.
1085 3629 1100 3646 .

110 3637 156 3703 1⁰)
193 3636 255 3690 ctr.
279 3638 405 3707 Etymol.
433 3653 522 3708 magn.
548 3655 576 3709 p.
594 3641 645 3694 706
664 3639 755 3703 (634)ι
789 3633 944 3704 Haeredes
966 3631 1113 3698 'Adora‘

111 3699 116 3708 ’
187 3701 341 3774 rira'dpaeros
361 3701 407 3760 ivo
454 3723 461 3740 ·
495 3701 556 3773 ἤτοι
579 3701 625 3760 διαὶ
654 3703 686 3760 ed
709 3703 763 3776 ruod
787 3701 1115 3770 «adnominationis

186 3771 298 3830 ἑστάναι
314 3795 338 3828 a.
357 3796 382 3832 τ.
417 3812 424 3828 .
463 3776 542 3830 Idem
561 3778 646 3832 habet
663 3777 738 3831 Lex.
755 3777 875 3832 Rhetor.
893 3776 967 3845 apud
985 3772 1110 3853 Bekkeg.

185 3844 294 3929 ᾼηςεὰ.
311 3845 439 3928 musto,
466 3855 495 3931 et
511 3861 576 3902 mos
595 3863 622 3936 p.
641 3848 702 3932 299,
720 3850 774 3929 5³.
790 3847 951 3929 pruofq
966 3839 1111 3962 'Amas'

183 3910 339 4050 itaut
362 3912 1109 4055 stantun‚toreumatum

182 4063 250 4106 lilim
268 4061 357 4109 iaceo·

860 4171 903 4244 b*
