2812 4690
227 345 303 428 llo

225 521 298 586 Nee
317 517 551 598 dubitandam,
582 518 663 604 quin
684 517 732 584 aa
747 539 769 584 e
788 525 1004 610 grammatico
1030 524 1152 590 lectum
1178 533 1251 592 lue-

224 609 284 674 rit.
325 605 527 670 Muelleruss
556 603 661 666 »doch
681 607 785 668 bleibt
804 608 890 671 nach
908 611 1051 674 maiuem
1069 611 1251 675 Deturbat-

225 700 283 756 ten
302 688 358 752 die
379 689 588 775 Erwihnung
608 691 697 752 eines
716 689 884 765 ἐπίσκοπος
904 696 1025 774 φρενῶν
1052 696 1172 756 immet
1191 697 1251 758 be-

225 771 414 852 lremdend,
445 771 488 834 da
507 771 565 834 des
590 792 674 860 genn
701 777 955 856 unpersiinlicha
975 773 1074 840 δεινῶν
1100 777 1249 844 schwer-

226 858 297 920 lich
324 857 379 920 ein
406 853 588 933 ε’πίσνσπος,
619 857 676 920 eiu
701 855 868 922 thchter
894 859 976 923 oder
1003 860 1167 924 Aut‘seher
1191 883 1249 948 ge-

225 949 330 1004 nsunt
348 940 482 1006 werden
507 939 624 1002 kann«
676 939 781 1020 Quem
808 941 1026 1023 objectionem
1045 945 1248 1008 Fritnsehius

226 1033 389 1088 remotum
413 1025 460 1084 iri
485 1033 600 1107 putet,
637 1025 668 1086 si
693 1024 795 1088 serbe
820 1029 871 1088 sie
894 1030 1138 1090 construxeris:
1176 1026 1246 1092 ἔσθ’
1332 1045 1337 1056 “
1396 1075 1397 1104 p

227 1106 307 1174 ὅπου
333 1103 368 1172 τὸ
389 1103 487 1174 δεινὸν
512 1109 567 1172 sai
596 1105 659 1189 (sd)
688 1111 810 1189 φρενῶν
828 1109 995 1176 ἐπίσκοπον
1015 1103 1050 1174 εὖ
1068 1109 1247 1192 καθήμενον

226 1192 360 1272 δεεμνενεῖ
394 1193 468 1272 (vel
494 1193 605 1274 potius
637 1193 686 1254 δεῖ
707 1192 842 1275 pheos),
875 1198 938 1259 cfr.
964 1193 1106 1278 append.
1136 1216 1170 1278 p.
1191 1197 1246 1274 59,

225 1275 315 1359 quod
342 1277 378 1337 in
404 1295 541 1340 censura
565 1296 599 1358 p.
621 1279 663 1343 47
689 1278 737 1338 its
755 1286 919 1340 verterat:
959 1300 1012 1342 aes
1055 1280 1125 1342 isbt
1144 1281 1245 1358 Filia,

225 1379 281 1428 wo
312 1358 367 1424 die
395 1357 518 1422 Furcht
549 1358 618 1422 und
655 1357 711 1424 die
737 1351 996 1426 Behemscharin
1027 1301 1084 1426 des
1116 1361 1246 1426 Geistes

224 1445 288 1508 mit
307 1443 411 1506 hecht
431 1443 551 1508 desitnt
576 1441 717 1552 ¹¹¹¹‚djffl
740 1445 894 1510 furchten
919 1447 1061 1510 mecht«
1124 1447 1246 1508 Parum

224 1536 332 1692 iil,
352 1527 1246 1698 tlhhltnlltttnhttttlhttffi

224 1715 310 1773 esse,
341 1703 381 1757 ut
404 1697 492 1758 infra
511 1694 571 1760 Vs.
591 1695 655 1762 863
681 1705 716 1758 et
740 1693 1140 1778 SophocLAiVs.lt¹16.
1202 1697 1246 1758 Et

224 1781 274 1842 sic
301 1778 492 1842 scholiastes
520 1783 672 1842 statuisse
691 1777 826 1842 videtur
851 1798 976 1862 ponens
1002 1780 1104 1844 illud:
1138 1775 1246 1842 ἀντεῖ-ε

145 1855 151 1864 ’
223 1886 291 1927 ναν
318 1863 447 1944 φρενῶν.
498 1861 582 1940 Sed,
610 1864 779 1926 utstatim
800 1867 985 1946 proteram,
1015 1863 1243 1948 quodsentio,
1289 1891 1294 1900 ·

223 1948 254 2009 is
273 1946 384 2011 locum
404 1948 452 2008 ita
472 1947 632 2028 scriptum
652 1947 815 2029 repperits

349 2038 418 2105 ἴσθ’
440 2039 518 2106 ὅπου
536 2039 571 2105 τὰ
594 2039 692 2106 dendo
710 2040 755 2104 εἷ·

345 2150 399 2272 ἓν]
419 2128 539 2210 φρενῶν
557 2125 724 2191 ἐπίσκοπον

366 2232 403 2272 ει.

222 2307 335 2372 Verba
356 2303 425 2372 ἔσθ’
446 2306 525 2372 ὅπου
544 2309 721 2414 explicuit:
743 2307 780 2376 οὐ
799 2309 958 2393 πενταχῆ,
991 2309 1103 2396 itaque
1123 2308 1249 2382 dedo.

184 2425 191 2438 ·
222 2411 298 2456 nem
324 2387 401 2455 εἶναι
430 2393 550 2475 φρενῶν
570 2395 736 2459 επῖσκοπον
756 2414 823 2457 non
844 2393 982 2457 reddere
1002 2398 1130 2478 potuit,
1159 2399 1241 2458 nisi:

222 2473 345 2541 ἀπεῖναι
365 2479 503 2560 φρενῶν,
535 2488 570 2540 et
594 2481 643 2543 sic
668 2501 687 2543 a
710 2478 794 2544 endo
822 2481 1131 2561 interpretationem
1151 2499 1243 2544 suam

220 2563 302 2625 satis
332 2582 442 2644 presse
475 2564 637 2646 applicuit
666 2503 709 2626 ah
739 2563 839 2628 verba
868 2571 1003 2643 poetae,
1042 2564 1154 2646 qualia
1182 2583 1243 2626 nos

218 2663 320 2725 luisse
339 2682 516 2727 censemus.
559 2661 625 2726 Sed
645 2661 726 2746 quid
745 2672 816 2726 tum
834 2659 893 2726 fiet
911 2661 973 2724 illo
991 2647 1112 2743 {uilia
1141 2663 1243 2726 Nem-

219 2765 261 2828 pe
282 2746 318 2806 iu
340 2745 404 2808 hoc
423 2747 509 2808 nihil
531 2745 624 2810 aliud
644 2743 741 2822 latet,
771 2766 868 2829 quam
896 2743 994 2826 με’νεν,
1027 2745 1116 2832 qnod
1144 2767 1241 2812 voce-

219 2827 335 2892 bulum
355 2828 399 2892 ad
417 2833 586 2913 sequentia
607 2829 803 2894 trahendum
823 2831 930 2895 estin
950 2829 1039 2896 huno
1057 2829 1207 2896 modum:

415 2925 497 3006 μένεν
517 2923 693 3009 καθήμενον

344 3009 490 3094 ξυμφέρει
512 3003 762 3095 suspectissimi
785 3006 892 3076 στένει.

217 3102 340 3169 Eodem
363 3110 492 3171 rettulit
512 3111 612 3172 etiam
632 3109 823 3170 scholiastes
837 3109 975 3175 verbum
994 3102 1181 3188 καθήμενον,
1203 3115 1243 3171 ut

215 3189 331 3254 videre
351 3199 462 3255 estex
492 3193 554 3255 hae
574 3193 701 3292 glossa:
735 3193 926 3276 σωφρονεῖν)
958 3189 1037 3254 ὥστε
1065 3187 1243 3272 καθήμενον

217 3269 278 3338 ὑπὸ
312 3271 407 3337 σεένεε
434 3299 614 3358 σωφρονῶν.
678 3274 737 3339 Est
762 3285 876 3339 nostra
903 3278 1013 3340 locum
1045 3275 1242 3343 emendandi

216 3359 304 3421 ratio
326 3378 364 3421 ee
384 3379 425 3422 ex
468 3374 539 3424 arte
557 3360 738 3437 difficilior,
761 3379 859 3443 quam
879 3379 928 3438 ea,
951 3378 1034 3443 quae
1048 3358 1242 3422 Hermanno

217 3443 354 3525 placuit,
376 3382 466 3526 quod
482 3447 583 3509 verba
603 3437 637 3508 εὖ
657 3445 711 3508 sai
730 3453 892 3508 mutemus
913 3448 949 3506 in
970 3439 1059 3519 εἶναι,
1081 3442 1138 3505 sed
1160 3443 1242 3504 haec

216 3528 381 3590 eorrectio
409 3529 587 3612 facillima,
626 3538 661 3593 et
679 3535 797 3611 aequet
817 3548 906 3606 rem,
941 3526 1029 3612 quod
1048 3527 1104 3590 vir
1124 3524 1241 3588 doctus

215 3644 278 3707 pso
296 3613 401 3706 We
427 3630 573 3694 scribere
600 3629 696 3693 debet
731 3623 845 3708 μένειν,
879 3647 939 3690 nos
963 3647 1045 3692 vero
1065 3627 1172 3688 multo
1193 3630 1242 3687 fa-

215 3710 313 3774 cilius
349 3715 556 3794 acquiescere
588 3731 758 3797 possumus
790 3715 826 3773 in
851 3732 932 3775 socc
963 3708 1045 3790 με’νεε
1072 3712 1238 3773 restituta.

216 3793 359 3858 Omnino
387 3805 497 3860 autem
523 3796 716 3880 diligentius
745 3797 876 3878 sequuti
903 3815 1012 3864 sumus
1041 3793 1241 3856 scholiastae

214 3879 480 3962 explicationem,
502 3901 598 3965 quem
614 3883 729 3964 quovis
750 3881 889 3966 pignore
901 3876 1129 3940 contenderim
1150 3875 1241 3938 idem

212 3980 349 4043 prorsus
371 3966 407 4026 in
429 3965 516 4027 libro
538 3986 597 4029 suo
627 3965 787 4027 habuisse.
831 3962 949 4026 Vestes
992 3961 1062 4024 Est
1090 3960 1164 4021 ubi
1191 3963 1242 4020 ti-

212 4064 301 4110 mor
327 4044 522 4114 directus
550 4069 637 4116 esse
664 4047 788 4114 debet
813 4042 863 4108 ad
885 4042 1075 4133 (tangere
1101 4041 1242 4134 dehet),
