<?xml version="1.0" encoding="UTF-8"?>
<!DOCTYPE html PUBLIC "-//W3C//DTD XHTML 1.0 Transitional//EN"
    "http://www.w3.org/TR/xhtml1/DTD/xhtml1-transitional.dtd">
<html xmlns="http://www.w3.org/1999/xhtml" xml:lang="en" lang="en">
 <head>
  <title>
</title>
<meta http-equiv="Content-Type" content="text/html;charset=utf-8" />
  <meta name='ocr-system' content='tesseract 3.04.00' />
  <meta name='ocr-capabilities' content='ocr_page ocr_carea ocr_par ocr_line ocrx_word'/>
</head>
<body>
  <div class='ocr_page' id='page_1' title='image "./conjectaneainae00wiesgoog_0089.png"; bbox 0 0 2794 4692; ppageno 0'>
   <div class='ocr_carea' id='block_1_1' title="bbox 223 363 414 442">
    <p class='ocr_par' dir='ltr' id='par_1_1' title="bbox 223 363 414 442">
     <span class='ocr_line' id='line_1_1' title="bbox 223 363 414 442; baseline -0.021 2"><span class='ocrx_word' id='word_1_1' title='bbox 223 363 414 442; x_wconf 80' lang='lat' dir='ltr'>LXXXIV</span> 
     </span>
    </p>
   </div>
   <div class='ocr_carea' id='block_1_2' title="bbox 223 517 1257 727">
    <p class='ocr_par' dir='ltr' id='par_1_2' title="bbox 223 517 1257 727">
     <span class='ocr_line' id='line_1_2' title="bbox 223 517 1256 633; baseline -0.02 -19"><span class='ocrx_word' id='word_1_2' title='bbox 223 539 324 632; x_wconf 84' lang='lat' dir='ltr'><strong>Quae</strong></span> <span class='ocrx_word' id='word_1_3' title='bbox 353 535 467 633; x_wconf 74' lang='lat' dir='ltr'>quum</span> <span class='ocrx_word' id='word_1_4' title='bbox 500 527 680 626; x_wconf 86' lang='lat' dir='ltr'>hospitem</span> <span class='ocrx_word' id='word_1_5' title='bbox 713 523 825 619; x_wconf 90' lang='lat' dir='ltr'>ipsius</span> <span class='ocrx_word' id='word_1_6' title='bbox 864 521 1063 596; x_wconf 85' lang='lat' dir='ltr'>simulacro</span> <span class='ocrx_word' id='word_1_7' title='bbox 1095 517 1256 594; x_wconf 84' lang='lat' dir='ltr'>adsiden-</span> 
     </span>
     <span class='ocr_line' id='line_1_3' title="bbox 223 619 1257 727; baseline -0.019 -13"><span class='ocrx_word' id='word_1_8' title='bbox 223 654 301 714; x_wconf 85' lang='lat' dir='ltr'>lem</span> <span class='ocrx_word' id='word_1_9' title='bbox 326 653 362 712; x_wconf 91' lang='lat' dir='ltr'>et</span> <span class='ocrx_word' id='word_1_10' title='bbox 387 633 543 710; x_wconf 85' lang='lat' dir='ltr'>feminas</span> <span class='ocrx_word' id='word_1_11' title='bbox 570 626 690 727; x_wconf 84' lang='lat' dir='ltr'>specie</span> <span class='ocrx_word' id='word_1_12' title='bbox 715 624 814 698; x_wconf 84' lang='lat' dir='ltr'>mira</span> <span class='ocrx_word' id='word_1_13' title='bbox 839 637 875 696; x_wconf 88' lang='lat' dir='ltr'>et</span> <span class='ocrx_word' id='word_1_14' title='bbox 899 645 1048 719; x_wconf 82' lang='lat' dir='ltr'>prorsus</span> <span class='ocrx_word' id='word_1_15' title='bbox 1071 619 1257 722; x_wconf 79' lang='lat' dir='ltr'>incognita</span> 
     </span>
    </p>
   </div>
   <div class='ocr_carea' id='block_1_3' title="bbox 240 848 1325 4167">
    <p class='ocr_par' dir='ltr' id='par_1_3' title="bbox 240 848 1325 3945">
     <span class='ocr_line' id='line_1_4' title="bbox 1248 848 1254 875; baseline 0 0"><span class='ocrx_word' id='word_1_16' title='bbox 1248 848 1254 875; x_wconf 87' lang='lat' dir='ltr'>l</span> 
     </span>
     <span class='ocr_line' id='line_1_5' title="bbox 327 889 1256 972; baseline -0.01 -14"><span class='ocrx_word' id='word_1_17' title='bbox 327 901 443 958; x_wconf 81' lang='lat' dir='ltr'>verbum</span> <span class='ocrx_word' id='word_1_18' title='bbox 462 895 650 970; x_wconf 71' lang='grc' dir='ltr'>ὂπιζινγνὸναι</span> <span class='ocrx_word' id='word_1_19' title='bbox 666 899 704 953; x_wconf 89' lang='lat' dir='ltr'>de</span> <span class='ocrx_word' id='word_1_20' title='bbox 722 916 761 956; x_wconf 90' lang='lat' dir='ltr'>re</span> <span class='ocrx_word' id='word_1_21' title='bbox 778 913 938 972; x_wconf 77' lang='lat' dir='ltr'>superne</span> <span class='ocrx_word' id='word_1_22' title='bbox 953 895 1070 952; x_wconf 77' lang='lat' dir='ltr'>affixa</span> <span class='ocrx_word' id='word_1_23' title='bbox 1087 889 1256 960; x_wconf 78' lang='lat' dir='ltr'>siguificare</span> 
     </span>
     <span class='ocr_line' id='line_1_6' title="bbox 326 961 1255 1098; baseline -0.01 -2"><span class='ocrx_word' id='word_1_24' title='bbox 326 980 591 1096; x_wconf 57' lang='lat' dir='ltr'>{3¹¹⁸}‘2idmi‘t‘0‘</span> <span class='ocrx_word' id='word_1_25' title='bbox 610 967 856 1094; x_wconf 52' lang='lat' dir='ltr'>i‘iip‘iXXei</span> <span class='ocrx_word' id='word_1_26' title='bbox 874 965 1090 1092; x_wconf 46' lang='lat' dir='ltr'>XXXX?</span> <span class='ocrx_word' id='word_1_27' title='bbox 1108 961 1255 1098; x_wconf 49' lang='lat' dir='ltr'>pppcpp.</span> 
     </span>
     <span class='ocr_line' id='line_1_7' title="bbox 362 1055 1257 1098; baseline 0.008 -7"><span class='ocrx_word' id='word_1_28' title='bbox 362 1075 369 1091; x_wconf 92' lang='lat'><strong>.</strong></span> <span class='ocrx_word' id='word_1_29' title='bbox 579 1077 586 1093; x_wconf 93' lang='lat'><strong>.</strong></span> <span class='ocrx_word' id='word_1_30' title='bbox 758 1055 789 1094; x_wconf 88' lang='lat' dir='ltr'>sc</span> <span class='ocrx_word' id='word_1_31' title='bbox 844 1079 851 1092; x_wconf 91' lang='lat'><strong>.</strong></span> <span class='ocrx_word' id='word_1_32' title='bbox 1082 1075 1089 1090; x_wconf 88' lang='lat'><strong>·</strong></span> <span class='ocrx_word' id='word_1_33' title='bbox 1200 1063 1201 1067; x_wconf 44' lang='lat'>¹</span> <span class='ocrx_word' id='word_1_34' title='bbox 1238 1067 1257 1098; x_wconf 69' lang='lat' dir='ltr'>o</span> 
     </span>
     <span class='ocr_line' id='line_1_8' title="bbox 328 1053 1258 1180; baseline -0.008 -17"><span class='ocrx_word' id='word_1_35' title='bbox 328 1076 546 1180; x_wconf 65' lang='lat' dir='ltr'>quamquam’de</span> <span class='ocrx_word' id='word_1_36' title='bbox 571 1108 656 1174; x_wconf 84' lang='lat' dir='ltr'>hujus</span> <span class='ocrx_word' id='word_1_37' title='bbox 682 1107 740 1162; x_wconf 90' lang='lat' dir='ltr'>loci</span> <span class='ocrx_word' id='word_1_38' title='bbox 766 1053 908 1179; x_wconf 46' lang='lat' dir='ltr'>scriptura</span> <span class='ocrx_word' id='word_1_39' title='bbox 933 1055 988 1160; x_wconf 65' lang='lat' dir='ltr'>nopn</span> <span class='ocrx_word' id='word_1_40' title='bbox 1008 1104 1119 1159; x_wconf 89' lang='lat' dir='ltr'>omniuo</span> <span class='ocrx_word' id='word_1_41' title='bbox 1137 1111 1258 1156; x_wconf 78' lang='lat' dir='ltr'>constut-</span> 
     </span>
     <span class='ocr_line' id='line_1_9' title="bbox 327 1171 1258 1247; baseline -0.012 -14"><span class='ocrx_word' id='word_1_42' title='bbox 327 1181 375 1234; x_wconf 87' lang='lat' dir='ltr'>De</span> <span class='ocrx_word' id='word_1_43' title='bbox 401 1193 455 1231; x_wconf 89' lang='lat' dir='ltr'>usu</span> <span class='ocrx_word' id='word_1_44' title='bbox 479 1175 563 1230; x_wconf 75' lang='lat' dir='ltr'>verbi</span> <span class='ocrx_word' id='word_1_45' title='bbox 591 1174 712 1247; x_wconf 89' lang='lat' dir='ltr'>proprio</span> <span class='ocrx_word' id='word_1_46' title='bbox 738 1192 820 1243; x_wconf 83' lang='lat' dir='ltr'>quam</span> <span class='ocrx_word' id='word_1_47' title='bbox 846 1174 1074 1230; x_wconf 77' lang='lat' dir='ltr'>Abrescbius</span> <span class='ocrx_word' id='word_1_48' title='bbox 1101 1172 1136 1227; x_wconf 89' lang='lat' dir='ltr'>ad</span> <span class='ocrx_word' id='word_1_49' title='bbox 1163 1171 1258 1224; x_wconf 87' lang='lat' dir='ltr'>Gboe·</span> 
     </span>
     <span class='ocr_line' id='line_1_10' title="bbox 328 1239 1259 1320; baseline -0.009 -21"><span class='ocrx_word' id='word_1_50' title='bbox 328 1249 414 1320; x_wconf 74' lang='lat' dir='ltr'>pbor.</span> <span class='ocrx_word' id='word_1_51' title='bbox 430 1246 452 1299; x_wconf 91' lang='grc' dir='ltr'>Ι.</span> <span class='ocrx_word' id='word_1_52' title='bbox 471 1261 496 1298; x_wconf 86' lang='lat' dir='ltr'>c.</span> <span class='ocrx_word' id='word_1_53' title='bbox 520 1247 711 1312; x_wconf 74' lang='lat' dir='ltr'>coniecturum</span> <span class='ocrx_word' id='word_1_54' title='bbox 738 1245 903 1316; x_wconf 77' lang='lat' dir='ltr'>proposuitr</span> <span class='ocrx_word' id='word_1_55' title='bbox 939 1239 1144 1313; x_wconf 68' lang='grc' dir='ltr'>νέπιζεογνῦναι</span> <span class='ocrx_word' id='word_1_56' title='bbox 1170 1239 1259 1295; x_wconf 83' lang='lat' dir='ltr'>credo</span> 
     </span>
     <span class='ocr_line' id='line_1_11' title="bbox 329 1307 1259 1394; baseline -0.006 -24"><span class='ocrx_word' id='word_1_57' title='bbox 329 1315 450 1388; x_wconf 81' lang='lat' dir='ltr'>proprie</span> <span class='ocrx_word' id='word_1_58' title='bbox 469 1313 597 1370; x_wconf 83' lang='lat' dir='ltr'>Graecos</span> <span class='ocrx_word' id='word_1_59' title='bbox 619 1329 773 1384; x_wconf 80' lang='lat' dir='ltr'>usurpasse</span> <span class='ocrx_word' id='word_1_60' title='bbox 790 1315 826 1370; x_wconf 89' lang='lat' dir='ltr'>de</span> <span class='ocrx_word' id='word_1_61' title='bbox 843 1314 943 1382; x_wconf 82' lang='lat' dir='ltr'>equis,</span> <span class='ocrx_word' id='word_1_62' title='bbox 979 1313 1029 1382; x_wconf 84' lang='lat' dir='ltr'>qui</span> <span class='ocrx_word' id='word_1_63' title='bbox 1054 1321 1168 1394; x_wconf 86' lang='lat' dir='ltr'>praeter</span> <span class='ocrx_word' id='word_1_64' title='bbox 1185 1307 1259 1388; x_wconf 83' lang='lat' dir='ltr'>alios</span> 
     </span>
     <span class='ocr_line' id='line_1_12' title="bbox 328 1381 1260 1455; baseline -0.006 -18"><span class='ocrx_word' id='word_1_65' title='bbox 328 1391 386 1455; x_wconf 79' lang='lat' dir='ltr'>jam</span> <span class='ocrx_word' id='word_1_66' title='bbox 401 1388 516 1452; x_wconf 80' lang='lat' dir='ltr'>junctos</span> <span class='ocrx_word' id='word_1_67' title='bbox 534 1383 633 1438; x_wconf 90' lang='lat' dir='ltr'>currui</span> <span class='ocrx_word' id='word_1_68' title='bbox 658 1385 896 1452; x_wconf 76' lang='lat' dir='ltr'>adjungebantur,</span> <span class='ocrx_word' id='word_1_69' title='bbox 932 1391 964 1437; x_wconf 90' lang='lat' dir='ltr'>ut</span> <span class='ocrx_word' id='word_1_70' title='bbox 981 1383 1017 1436; x_wconf 95' lang='lat' dir='ltr'>de</span> <span class='ocrx_word' id='word_1_71' title='bbox 1035 1381 1202 1436; x_wconf 78' lang='lat' dir='ltr'>utbiio&#39;non</span> <span class='ocrx_word' id='word_1_72' title='bbox 1221 1386 1260 1431; x_wconf 87' lang='lat' dir='ltr'>stt</span> 
     </span>
     <span class='ocr_line' id='line_1_13' title="bbox 328 1449 1259 1522; baseline -0.012 -12"><span class='ocrx_word' id='word_1_73' title='bbox 328 1453 391 1511; x_wconf 73' lang='lat' dir='ltr'>inl«</span> <span class='ocrx_word' id='word_1_74' title='bbox 412 1483 444 1498; x_wconf 88' lang='lat'>-</span> <span class='ocrx_word' id='word_1_75' title='bbox 462 1468 523 1506; x_wconf 79' lang='lat' dir='ltr'>eata</span> <span class='ocrx_word' id='word_1_76' title='bbox 539 1470 596 1508; x_wconf 87' lang='lat' dir='ltr'>nou</span> <span class='ocrx_word' id='word_1_77' title='bbox 612 1452 725 1508; x_wconf 89' lang='lat' dir='ltr'>memini</span> <span class='ocrx_word' id='word_1_78' title='bbox 743 1469 788 1507; x_wconf 88' lang='lat' dir='ltr'>mc</span> <span class='ocrx_word' id='word_1_79' title='bbox 806 1452 896 1506; x_wconf 86' lang='lat' dir='ltr'>ullius</span> <span class='ocrx_word' id='word_1_80' title='bbox 913 1449 1069 1522; x_wconf 83' lang='lat' dir='ltr'>scriptoris</span> <span class='ocrx_word' id='word_1_81' title='bbox 1087 1449 1259 1504; x_wconf 84' lang='lat' dir='ltr'>auctoritate</span> 
     </span>
     <span class='ocr_line' id='line_1_14' title="bbox 330 1515 1259 1593; baseline -0.01 -16"><span class='ocrx_word' id='word_1_82' title='bbox 330 1521 540 1593; x_wconf 84' lang='lat' dir='ltr'>comprobatam</span> <span class='ocrx_word' id='word_1_83' title='bbox 574 1522 715 1593; x_wconf 84' lang='lat' dir='ltr'>reperire.</span> <span class='ocrx_word' id='word_1_84' title='bbox 738 1551 772 1564; x_wconf 90' lang='lat'>-·</span> <span class='ocrx_word' id='word_1_85' title='bbox 825 1522 881 1576; x_wconf 87' lang='lat' dir='ltr'>Sed</span> <span class='ocrx_word' id='word_1_86' title='bbox 914 1537 998 1588; x_wconf 83' lang='lat' dir='ltr'>quum</span> <span class='ocrx_word' id='word_1_87' title='bbox 1032 1529 1129 1574; x_wconf 88' lang='lat' dir='ltr'>cetera</span> <span class='ocrx_word' id='word_1_88' title='bbox 1155 1515 1259 1580; x_wconf 83' lang='lat' dir='ltr'>omnia,</span> 
     </span>
     <span class='ocr_line' id='line_1_15' title="bbox 331 1586 1260 1664; baseline -0.01 -16"><span class='ocrx_word' id='word_1_89' title='bbox 331 1609 404 1661; x_wconf 85' lang='lat' dir='ltr'>quae</span> <span class='ocrx_word' id='word_1_90' title='bbox 428 1592 465 1644; x_wconf 93' lang='lat' dir='ltr'>de</span> <span class='ocrx_word' id='word_1_91' title='bbox 489 1593 546 1646; x_wconf 89' lang='lat' dir='ltr'>boc</span> <span class='ocrx_word' id='word_1_92' title='bbox 572 1592 639 1645; x_wconf 92' lang='lat' dir='ltr'>loco</span> <span class='ocrx_word' id='word_1_93' title='bbox 656 1590 862 1664; x_wconf 77' lang='lat' dir='ltr'>disputavimus</span> <span class='ocrx_word' id='word_1_94' title='bbox 881 1590 910 1644; x_wconf 90' lang='lat' dir='ltr'>in</span> <span class='ocrx_word' id='word_1_95' title='bbox 928 1590 1043 1644; x_wconf 79' lang='lat' dir='ltr'>Aduolt.</span> <span class='ocrx_word' id='word_1_96' title='bbox 1062 1589 1082 1642; x_wconf 92' lang='lat'>1.</span> <span class='ocrx_word' id='word_1_97' title='bbox 1101 1605 1143 1650; x_wconf 75' lang='lat' dir='ltr'>m,</span> <span class='ocrx_word' id='word_1_98' title='bbox 1168 1586 1260 1639; x_wconf 86' lang='lat' dir='ltr'>adbuc</span> 
     </span>
     <span class='ocr_line' id='line_1_16' title="bbox 332 1651 1260 1726; baseline -0.011 -8"><span class='ocrx_word' id='word_1_99' title='bbox 332 1673 487 1723; x_wconf 82' lang='lat' dir='ltr'>teneamus,</span> <span class='ocrx_word' id='word_1_100' title='bbox 505 1660 543 1714; x_wconf 88' lang='lat' dir='ltr'>de</span> <span class='ocrx_word' id='word_1_101' title='bbox 560 1660 701 1718; x_wconf 83' lang='lat' dir='ltr'>sententia</span> <span class='ocrx_word' id='word_1_102' title='bbox 717 1662 865 1716; x_wconf 79' lang='lat' dir='ltr'>uerborum</span> <span class='ocrx_word' id='word_1_103' title='bbox 878 1654 1027 1726; x_wconf 68' lang='lat' dir='ltr'>pccpdodca</span> <span class='ocrx_word' id='word_1_104' title='bbox 1043 1653 1144 1711; x_wconf 77' lang='grc' dir='ltr'><em>κόλπον</em></span> <span class='ocrx_word' id='word_1_105' title='bbox 1153 1651 1260 1725; x_wconf 68' lang='grc' dir='ltr'>αἰγίδος,</span> 
     </span>
     <span class='ocr_line' id='line_1_17' title="bbox 331 1727 1261 1797; baseline -0.01 -12"><span class='ocrx_word' id='word_1_106' title='bbox 331 1731 369 1785; x_wconf 89' lang='lat' dir='ltr'>de</span> <span class='ocrx_word' id='word_1_107' title='bbox 393 1744 448 1797; x_wconf 86' lang='lat' dir='ltr'>qua</span> <span class='ocrx_word' id='word_1_108' title='bbox 467 1740 550 1784; x_wconf 89' lang='lat' dir='ltr'>antea</span> <span class='ocrx_word' id='word_1_109' title='bbox 574 1729 636 1784; x_wconf 79' lang='lat' dir='ltr'>iere</span> <span class='ocrx_word' id='word_1_110' title='bbox 657 1731 694 1786; x_wconf 84' lang='lat' dir='ltr'>ad</span> <span class='ocrx_word' id='word_1_111' title='bbox 713 1729 862 1784; x_wconf 85' lang='lat' dir='ltr'>Heatbii</span> <span class='ocrx_word' id='word_1_112' title='bbox 885 1728 1037 1783; x_wconf 73' lang='lat' dir='ltr'>arbitrium</span> <span class='ocrx_word' id='word_1_113' title='bbox 1061 1727 1261 1784; x_wconf 75' lang='lat' dir='ltr'>metuebamus,</span> 
     </span>
     <span class='ocr_line' id='line_1_18' title="bbox 331 1793 1262 1872; baseline -0.009 -18"><span class='ocrx_word' id='word_1_114' title='bbox 331 1799 446 1868; x_wconf 80' lang='lat' dir='ltr'>interim</span> <span class='ocrx_word' id='word_1_115' title='bbox 466 1799 550 1852; x_wconf 88' lang='lat' dir='ltr'>nobis</span> <span class='ocrx_word' id='word_1_116' title='bbox 569 1800 688 1854; x_wconf 85' lang='lat' dir='ltr'>subnata</span> <span class='ocrx_word' id='word_1_117' title='bbox 705 1811 751 1854; x_wconf 83' lang='lat' dir='ltr'>est</span> <span class='ocrx_word' id='word_1_118' title='bbox 766 1799 838 1866; x_wconf 84' lang='lat' dir='ltr'>elia,</span> <span class='ocrx_word' id='word_1_119' title='bbox 856 1814 963 1865; x_wconf 87' lang='lat' dir='ltr'>eaque,</span> <span class='ocrx_word' id='word_1_120' title='bbox 990 1805 1021 1849; x_wconf 89' lang='lat' dir='ltr'>ut</span> <span class='ocrx_word' id='word_1_121' title='bbox 1038 1811 1156 1872; x_wconf 78' lang='lat' dir='ltr'>sperare</span> <span class='ocrx_word' id='word_1_122' title='bbox 1172 1793 1262 1848; x_wconf 89' lang='lat' dir='ltr'>aude·</span> 
     </span>
     <span class='ocr_line' id='line_1_19' title="bbox 332 1863 1261 1936; baseline -0.008 -14"><span class='ocrx_word' id='word_1_123' title='bbox 332 1881 409 1933; x_wconf 88' lang='lat' dir='ltr'>mus,</span> <span class='ocrx_word' id='word_1_124' title='bbox 439 1865 524 1921; x_wconf 90' lang='lat' dir='ltr'>uuice</span> <span class='ocrx_word' id='word_1_125' title='bbox 543 1883 610 1922; x_wconf 85' lang='lat' dir='ltr'>vera</span> <span class='ocrx_word' id='word_1_126' title='bbox 626 1863 774 1936; x_wconf 74' lang='lat' dir='ltr'>cogitatio.</span> <span class='ocrx_word' id='word_1_127' title='bbox 792 1893 826 1908; x_wconf 90' lang='lat'><em>-</em></span> <span class='ocrx_word' id='word_1_128' title='bbox 869 1867 957 1924; x_wconf 77' lang='lat' dir='ltr'>Quam</span> <span class='ocrx_word' id='word_1_129' title='bbox 974 1865 1137 1936; x_wconf 83' lang='lat' dir='ltr'>priusquam</span> <span class='ocrx_word' id='word_1_130' title='bbox 1157 1864 1185 1918; x_wconf 88' lang='lat' dir='ltr'>in</span> <span class='ocrx_word' id='word_1_131' title='bbox 1203 1879 1261 1914; x_wconf 90' lang='lat' dir='ltr'>me·</span> 
     </span>
     <span class='ocr_line' id='line_1_20' title="bbox 333 1931 1262 2007; baseline -0.008 -16"><span class='ocrx_word' id='word_1_132' title='bbox 333 1935 411 1992; x_wconf 91' lang='lat' dir='ltr'>dium</span> <span class='ocrx_word' id='word_1_133' title='bbox 426 1935 620 2006; x_wconf 81' lang='lat' dir='ltr'>proteramus,</span> <span class='ocrx_word' id='word_1_134' title='bbox 649 1954 704 1992; x_wconf 89' lang='lat' dir='ltr'>nou</span> <span class='ocrx_word' id='word_1_135' title='bbox 724 1951 882 2007; x_wconf 73' lang='lat' dir='ltr'>possumuS,</span> <span class='ocrx_word' id='word_1_136' title='bbox 909 1933 999 2004; x_wconf 75' lang='lat' dir='ltr'>quio,</span> <span class='ocrx_word' id='word_1_137' title='bbox 1019 1935 1148 2002; x_wconf 85' lang='lat' dir='ltr'>quoniam</span> <span class='ocrx_word' id='word_1_138' title='bbox 1168 1931 1262 2002; x_wconf 89' lang='lat' dir='ltr'>placi-</span> 
     </span>
     <span class='ocr_line' id='line_1_21' title="bbox 334 2000 1261 2074; baseline -0.009 -14"><span class='ocrx_word' id='word_1_139' title='bbox 334 2015 392 2060; x_wconf 89' lang='lat' dir='ltr'>tum</span> <span class='ocrx_word' id='word_1_140' title='bbox 416 2019 527 2068; x_wconf 86' lang='lat' dir='ltr'>eorum,</span> <span class='ocrx_word' id='word_1_141' title='bbox 565 2004 614 2073; x_wconf 85' lang='lat' dir='ltr'>qui</span> <span class='ocrx_word' id='word_1_142' title='bbox 637 2006 792 2064; x_wconf 82' lang='lat' dir='ltr'>Minervam</span> <span class='ocrx_word' id='word_1_143' title='bbox 818 2005 922 2074; x_wconf 80' lang='lat' dir='ltr'>aegide</span> <span class='ocrx_word' id='word_1_144' title='bbox 948 2015 1091 2071; x_wconf 83' lang='lat' dir='ltr'>utcunque</span> <span class='ocrx_word' id='word_1_145' title='bbox 1117 2019 1170 2074; x_wconf 90' lang='lat' dir='ltr'>pro</span> <span class='ocrx_word' id='word_1_146' title='bbox 1195 2000 1261 2057; x_wconf 81' lang='lat' dir='ltr'>velo</span> 
     </span>
     <span class='ocr_line' id='line_1_22' title="bbox 332 2071 1262 2196; baseline -0.006 -67"><span class='ocrx_word' id='word_1_147' title='bbox 332 2088 412 2129; x_wconf 87' lang='lat' dir='ltr'>usam</span> <span class='ocrx_word' id='word_1_148' title='bbox 435 2071 509 2158; x_wconf 68' lang='lat' dir='ltr'>tingi</span> <span class='ocrx_word' id='word_1_149' title='bbox 531 2083 647 2196; x_wconf 78' lang='lat' dir='ltr'>putant,</span> <span class='ocrx_word' id='word_1_150' title='bbox 685 2074 728 2128; x_wconf 91' lang='lat' dir='ltr'>rei</span> <span class='ocrx_word' id='word_1_151' title='bbox 749 2081 813 2156; x_wconf 71' lang='lat' dir='ltr'>⁸nort</span> <span class='ocrx_word' id='word_1_152' title='bbox 840 2072 994 2130; x_wconf 80' lang='lat' dir='ltr'>convenire</span> <span class='ocrx_word' id='word_1_153' title='bbox 1020 2087 1181 2154; x_wconf 75' lang='lat' dir='ltr'>censemus,</span> <span class='ocrx_word' id='word_1_154' title='bbox 1216 2085 1262 2135; x_wconf 90' lang='lat' dir='ltr'>ea,</span> 
     </span>
     <span class='ocr_line' id='line_1_23' title="bbox 334 2137 1264 2282; baseline -0.003 -16"><span class='ocrx_word' id='word_1_155' title='bbox 334 2157 415 2266; x_wconf 63' lang='lat'>3¹22}</span> <span class='ocrx_word' id='word_1_156' title='bbox 431 2157 530 2266; x_wconf 63' lang='lat' dir='ltr'>{tlt</span> <span class='ocrx_word' id='word_1_157' title='bbox 538 2147 863 2277; x_wconf 56' lang='lat' dir='ltr'>:nztttttttzt</span> <span class='ocrx_word' id='word_1_158' title='bbox 879 2137 1264 2282; x_wconf 56' lang='lat' dir='ltr'>ttsltttttlsstllti:</span> 
     </span>
     <span class='ocr_line' id='line_1_24' title="bbox 335 2278 1265 2366; baseline -0.005 -30"><span class='ocrx_word' id='word_1_159' title='bbox 335 2282 407 2336; x_wconf 86' lang='lat' dir='ltr'>dere</span> <span class='ocrx_word' id='word_1_160' title='bbox 430 2291 565 2352; x_wconf 86' lang='lat' dir='ltr'>possent,</span> <span class='ocrx_word' id='word_1_161' title='bbox 594 2283 715 2340; x_wconf 86' lang='lat' dir='ltr'>Graecis</span> <span class='ocrx_word' id='word_1_162' title='bbox 735 2282 824 2366; x_wconf 83' lang='lat' dir='ltr'>ipsis,</span> <span class='ocrx_word' id='word_1_163' title='bbox 857 2293 935 2337; x_wconf 88' lang='lat' dir='ltr'>certe</span> <span class='ocrx_word' id='word_1_164' title='bbox 958 2281 1094 2350; x_wconf 85' lang='lat' dir='ltr'>sequiora</span> <span class='ocrx_word' id='word_1_165' title='bbox 1112 2296 1196 2346; x_wconf 82' lang='lat' dir='ltr'>aero,</span> <span class='ocrx_word' id='word_1_166' title='bbox 1227 2278 1265 2331; x_wconf 86' lang='lat' dir='ltr'>da</span> 
     </span>
     <span class='ocr_line' id='line_1_25' title="bbox 336 2348 1266 2418; baseline -0.005 -14"><span class='ocrx_word' id='word_1_167' title='bbox 336 2351 393 2405; x_wconf 86' lang='lat' dir='ltr'>illo</span> <span class='ocrx_word' id='word_1_168' title='bbox 414 2363 499 2404; x_wconf 85' lang='lat' dir='ltr'>secus</span> <span class='ocrx_word' id='word_1_169' title='bbox 516 2350 608 2406; x_wconf 83' lang='lat' dir='ltr'>visum</span> <span class='ocrx_word' id='word_1_170' title='bbox 631 2351 739 2416; x_wconf 82' lang='lat' dir='ltr'>tuisse,</span> <span class='ocrx_word' id='word_1_171' title='bbox 774 2353 873 2408; x_wconf 87' lang='lat' dir='ltr'>saltem</span> <span class='ocrx_word' id='word_1_172' title='bbox 891 2351 978 2407; x_wconf 84' lang='lat' dir='ltr'>verbo</span> <span class='ocrx_word' id='word_1_173' title='bbox 1001 2362 1154 2418; x_wconf 75' lang='lat' dir='ltr'>tangamus.</span> <span class='ocrx_word' id='word_1_174' title='bbox 1206 2348 1266 2401; x_wconf 89' lang='lat' dir='ltr'>llle</span> 
     </span>
     <span class='ocr_line' id='line_1_26' title="bbox 265 2417 1266 2494; baseline -0.004 -21"><span class='ocrx_word' id='word_1_175' title='bbox 265 2454 270 2464; x_wconf 84' lang='lat'><em>·</em></span> <span class='ocrx_word' id='word_1_176' title='bbox 336 2419 427 2488; x_wconf 85' lang='lat' dir='ltr'>igitur</span> <span class='ocrx_word' id='word_1_177' title='bbox 444 2419 475 2474; x_wconf 89' lang='lat' dir='ltr'>iu</span> <span class='ocrx_word' id='word_1_178' title='bbox 491 2421 601 2490; x_wconf 81' lang='lat' dir='ltr'>psoius.</span> <span class='ocrx_word' id='word_1_179' title='bbox 619 2435 704 2492; x_wconf 86' lang='lat' dir='ltr'>supra</span> <span class='ocrx_word' id='word_1_180' title='bbox 721 2419 769 2476; x_wconf 87' lang='lat' dir='ltr'>cit.</span> <span class='ocrx_word' id='word_1_181' title='bbox 787 2441 815 2494; x_wconf 90' lang='lat' dir='ltr'>p.</span> <span class='ocrx_word' id='word_1_182' title='bbox 834 2420 878 2476; x_wconf 92' lang='lat' dir='ltr'>1v</span> <span class='ocrx_word' id='word_1_183' title='bbox 896 2437 953 2488; x_wconf 69' lang='lat' dir='ltr'>sta,</span> <span class='ocrx_word' id='word_1_184' title='bbox 980 2421 1073 2475; x_wconf 84' lang='lat' dir='ltr'>adnot.</span> <span class='ocrx_word' id='word_1_185' title='bbox 1086 2421 1127 2484; x_wconf 72' lang='grc'>**)</span> <span class='ocrx_word' id='word_1_186' title='bbox 1146 2417 1266 2472; x_wconf 80' lang='lat' dir='ltr'>»Caete-</span> 
     </span>
     <span class='ocr_line' id='line_1_27' title="bbox 338 2487 1265 2561; baseline -0.006 -17"><span class='ocrx_word' id='word_1_187' title='bbox 338 2505 432 2555; x_wconf 81' lang='lat' dir='ltr'>rum,r</span> <span class='ocrx_word' id='word_1_188' title='bbox 464 2488 574 2558; x_wconf 86' lang='lat' dir='ltr'>inquit,</span> <span class='ocrx_word' id='word_1_189' title='bbox 600 2489 658 2545; x_wconf 77' lang='lat' dir='ltr'>»ita</span> <span class='ocrx_word' id='word_1_190' title='bbox 675 2489 785 2561; x_wconf 81' lang='lat' dir='ltr'>placuit</span> <span class='ocrx_word' id='word_1_191' title='bbox 802 2493 872 2546; x_wconf 85' lang='lat' dir='ltr'>baec</span> <span class='ocrx_word' id='word_1_192' title='bbox 890 2489 1036 2546; x_wconf 84' lang='lat' dir='ltr'>Minervae</span> <span class='ocrx_word' id='word_1_193' title='bbox 1053 2487 1131 2556; x_wconf 86' lang='lat' dir='ltr'>bigis</span> <span class='ocrx_word' id='word_1_194' title='bbox 1149 2487 1179 2542; x_wconf 92' lang='lat' dir='ltr'>in</span> <span class='ocrx_word' id='word_1_195' title='bbox 1197 2493 1265 2540; x_wconf 74' lang='lat' dir='ltr'>aere</span> 
     </span>
     <span class='ocr_line' id='line_1_28' title="bbox 338 2556 1266 2631; baseline -0.008 -17"><span class='ocrx_word' id='word_1_196' title='bbox 338 2568 473 2614; x_wconf 74' lang='lat' dir='ltr'>recteest</span> <span class='ocrx_word' id='word_1_197' title='bbox 485 2559 597 2626; x_wconf 82' lang='lat' dir='ltr'>aegidis</span> <span class='ocrx_word' id='word_1_198' title='bbox 608 2576 696 2631; x_wconf 84' lang='lat' dir='ltr'>opera</span> <span class='ocrx_word' id='word_1_199' title='bbox 705 2560 884 2615; x_wconf 80' lang='lat' dir='ltr'>velificante«</span> <span class='ocrx_word' id='word_1_200' title='bbox 899 2560 991 2626; x_wconf 83' lang='lat' dir='ltr'>(deest</span> <span class='ocrx_word' id='word_1_201' title='bbox 1001 2557 1123 2627; x_wconf 85' lang='lat' dir='ltr'>aliquid)</span> <span class='ocrx_word' id='word_1_202' title='bbox 1135 2556 1266 2628; x_wconf 77' lang='lat' dir='ltr'>»priscae</span> 
     </span>
     <span class='ocr_line' id='line_1_29' title="bbox 338 2625 1267 2698; baseline -0.002 -18"><span class='ocrx_word' id='word_1_203' title='bbox 338 2626 441 2681; x_wconf 86' lang='lat' dir='ltr'>aetatis</span> <span class='ocrx_word' id='word_1_204' title='bbox 458 2627 633 2695; x_wconf 80' lang='lat' dir='ltr'>artificibus,</span> <span class='ocrx_word' id='word_1_205' title='bbox 654 2638 684 2684; x_wconf 86' lang='lat' dir='ltr'>ut</span> <span class='ocrx_word' id='word_1_206' title='bbox 701 2628 816 2697; x_wconf 88' lang='lat' dir='ltr'>gemmis</span> <span class='ocrx_word' id='word_1_207' title='bbox 834 2629 944 2683; x_wconf 82' lang='lat' dir='ltr'>affabre</span> <span class='ocrx_word' id='word_1_208' title='bbox 962 2627 1166 2698; x_wconf 82' lang='lat' dir='ltr'>insculpereut.</span> <span class='ocrx_word' id='word_1_209' title='bbox 1201 2625 1267 2680; x_wconf 82' lang='lat' dir='ltr'>Ex·</span> 
     </span>
     <span class='ocr_line' id='line_1_30' title="bbox 339 2693 1266 2768; baseline -0.004 -18"><span class='ocrx_word' id='word_1_210' title='bbox 339 2704 396 2751; x_wconf 85' lang='lat' dir='ltr'>stat</span> <span class='ocrx_word' id='word_1_211' title='bbox 412 2695 557 2763; x_wconf 81' lang='lat' dir='ltr'>antiquum</span> <span class='ocrx_word' id='word_1_212' title='bbox 575 2708 699 2768; x_wconf 83' lang='lat' dir='ltr'>eclypou</span> <span class='ocrx_word' id='word_1_213' title='bbox 717 2713 840 2767; x_wconf 87' lang='lat' dir='ltr'>gemmae</span> <span class='ocrx_word' id='word_1_214' title='bbox 860 2716 876 2751; x_wconf 87' lang='lat' dir='ltr'>e</span> <span class='ocrx_word' id='word_1_215' title='bbox 895 2697 969 2752; x_wconf 85' lang='lat' dir='ltr'>uitro</span> <span class='ocrx_word' id='word_1_216' title='bbox 986 2697 1136 2752; x_wconf 83' lang='lat' dir='ltr'>conflatum</span> <span class='ocrx_word' id='word_1_217' title='bbox 1155 2695 1185 2750; x_wconf 88' lang='lat' dir='ltr'>in</span> <span class='ocrx_word' id='word_1_218' title='bbox 1202 2693 1266 2748; x_wconf 89' lang='lat' dir='ltr'>col·</span> 
     </span>
     <span class='ocr_line' id='line_1_31' title="bbox 341 2762 1267 2835; baseline -0.002 -15"><span class='ocrx_word' id='word_1_219' title='bbox 341 2762 467 2820; x_wconf 85' lang='lat' dir='ltr'>lectione</span> <span class='ocrx_word' id='word_1_220' title='bbox 484 2765 665 2821; x_wconf 84' lang='lat' dir='ltr'>nobilissima</span> <span class='ocrx_word' id='word_1_221' title='bbox 684 2767 869 2835; x_wconf 82' lang='lat' dir='ltr'>Townlejaua</span> <span class='ocrx_word' id='word_1_222' title='bbox 886 2766 1012 2821; x_wconf 87' lang='lat' dir='ltr'>Londini</span> <span class='ocrx_word' id='word_1_223' title='bbox 1030 2785 1056 2822; x_wconf 83' lang='lat' dir='ltr'>v.</span> <span class='ocrx_word' id='word_1_224' title='bbox 1074 2764 1192 2820; x_wconf 87' lang='lat' dir='ltr'>Tassies</span> <span class='ocrx_word' id='word_1_225' title='bbox 1210 2762 1267 2817; x_wconf 72' lang='lat' dir='ltr'>ca-</span> 
     </span>
     <span class='ocr_line' id='line_1_32' title="bbox 339 2833 1267 2903; baseline -0.004 -13"><span class='ocrx_word' id='word_1_226' title='bbox 339 2833 457 2902; x_wconf 82' lang='lat' dir='ltr'>talogue</span> <span class='ocrx_word' id='word_1_227' title='bbox 474 2849 501 2888; x_wconf 87' lang='lat' dir='ltr'>u.</span> <span class='ocrx_word' id='word_1_228' title='bbox 521 2837 611 2890; x_wconf 70' lang='lat' dir='ltr'>llos«</span> <span class='ocrx_word' id='word_1_229' title='bbox 653 2837 731 2891; x_wconf 77' lang='lat' dir='ltr'>Quae</span> <span class='ocrx_word' id='word_1_230' title='bbox 748 2838 835 2890; x_wconf 89' lang='lat' dir='ltr'>verba</span> <span class='ocrx_word' id='word_1_231' title='bbox 852 2845 989 2903; x_wconf 88' lang='lat' dir='ltr'>quatenus</span> <span class='ocrx_word' id='word_1_232' title='bbox 1008 2837 1155 2891; x_wconf 83' lang='lat' dir='ltr'>veritatem</span> <span class='ocrx_word' id='word_1_233' title='bbox 1173 2842 1267 2887; x_wconf 88' lang='lat' dir='ltr'>coutr-</span> 
     </span>
     <span class='ocr_line' id='line_1_33' title="bbox 340 2905 1268 2973; baseline -0.004 -15"><span class='ocrx_word' id='word_1_234' title='bbox 340 2911 444 2967; x_wconf 85' lang='lat' dir='ltr'>ueant,</span> <span class='ocrx_word' id='word_1_235' title='bbox 479 2919 534 2956; x_wconf 91' lang='lat' dir='ltr'>non</span> <span class='ocrx_word' id='word_1_236' title='bbox 553 2905 644 2958; x_wconf 88' lang='lat' dir='ltr'>habeo</span> <span class='ocrx_word' id='word_1_237' title='bbox 664 2905 781 2970; x_wconf 87' lang='lat' dir='ltr'>dicere,</span> <span class='ocrx_word' id='word_1_238' title='bbox 817 2905 885 2973; x_wconf 87' lang='lat' dir='ltr'>quia</span> <span class='ocrx_word' id='word_1_239' title='bbox 902 2923 976 2961; x_wconf 84' lang='lat' dir='ltr'>nuuc</span> <span class='ocrx_word' id='word_1_240' title='bbox 995 2905 1072 2960; x_wconf 88' lang='lat' dir='ltr'>liber</span> <span class='ocrx_word' id='word_1_241' title='bbox 1089 2905 1192 2960; x_wconf 88' lang='lat' dir='ltr'>citatus</span> <span class='ocrx_word' id='word_1_242' title='bbox 1211 2918 1268 2956; x_wconf 90' lang='lat' dir='ltr'>non</span> 
     </span>
     <span class='ocr_line' id='line_1_34' title="bbox 338 2971 1267 3042; baseline -0.001 -16"><span class='ocrx_word' id='word_1_243' title='bbox 338 2971 376 3026; x_wconf 78' lang='lat' dir='ltr'>ad</span> <span class='ocrx_word' id='word_1_244' title='bbox 395 2987 491 3026; x_wconf 85' lang='lat' dir='ltr'>manus</span> <span class='ocrx_word' id='word_1_245' title='bbox 509 2983 572 3039; x_wconf 84' lang='lat' dir='ltr'>est;</span> <span class='ocrx_word' id='word_1_246' title='bbox 592 2973 659 3027; x_wconf 89' lang='lat' dir='ltr'>olim</span> <span class='ocrx_word' id='word_1_247' title='bbox 678 2985 785 3040; x_wconf 86' lang='lat' dir='ltr'>tamen,</span> <span class='ocrx_word' id='word_1_248' title='bbox 806 2991 890 3042; x_wconf 84' lang='lat' dir='ltr'>quum</span> <span class='ocrx_word' id='word_1_249' title='bbox 907 2991 970 3028; x_wconf 90' lang='lat' dir='ltr'>eum</span> <span class='ocrx_word' id='word_1_250' title='bbox 987 2973 1116 3028; x_wconf 87' lang='lat' dir='ltr'>manibus</span> <span class='ocrx_word' id='word_1_251' title='bbox 1135 2985 1267 3034; x_wconf 88' lang='lat' dir='ltr'>tererem,</span> 
     </span>
     <span class='ocr_line' id='line_1_35' title="bbox 342 3039 1268 3113; baseline -0.001 -19"><span class='ocrx_word' id='word_1_252' title='bbox 342 3039 457 3095; x_wconf 86' lang='lat' dir='ltr'>memini</span> <span class='ocrx_word' id='word_1_253' title='bbox 484 3057 528 3094; x_wconf 91' lang='lat' dir='ltr'>me</span> <span class='ocrx_word' id='word_1_254' title='bbox 555 3043 613 3098; x_wconf 90' lang='lat' dir='ltr'>tale</span> <span class='ocrx_word' id='word_1_255' title='bbox 639 3051 763 3113; x_wconf 84' lang='lat' dir='ltr'>ectypon</span> <span class='ocrx_word' id='word_1_256' title='bbox 792 3043 897 3098; x_wconf 86' lang='lat' dir='ltr'>frustra</span> <span class='ocrx_word' id='word_1_257' title='bbox 924 3044 1108 3113; x_wconf 86' lang='lat' dir='ltr'>quaesivisse.</span> <span class='ocrx_word' id='word_1_258' title='bbox 1154 3043 1268 3098; x_wconf 86' lang='lat' dir='ltr'>Vereor</span> 
     </span>
     <span class='ocr_line' id='line_1_36' title="bbox 343 3110 1269 3182; baseline -0.002 -17"><span class='ocrx_word' id='word_1_259' title='bbox 343 3119 436 3165; x_wconf 77' lang='lat' dir='ltr'>aulem</span> <span class='ocrx_word' id='word_1_260' title='bbox 453 3110 663 3181; x_wconf 81' lang='lat' dir='ltr'>maximopere,</span> <span class='ocrx_word' id='word_1_261' title='bbox 698 3129 734 3166; x_wconf 90' lang='lat' dir='ltr'>ne</span> <span class='ocrx_word' id='word_1_262' title='bbox 754 3113 819 3179; x_wconf 87' lang='lat' dir='ltr'>quis</span> <span class='ocrx_word' id='word_1_263' title='bbox 839 3129 921 3166; x_wconf 87' lang='lat' dir='ltr'>error</span> <span class='ocrx_word' id='word_1_264' title='bbox 939 3111 1181 3182; x_wconf 84' lang='lat' dir='ltr'>interpretationis</span> <span class='ocrx_word' id='word_1_265' title='bbox 1199 3111 1269 3164; x_wconf 86' lang='lat' dir='ltr'>sub·</span> 
     </span>
     <span class='ocr_line' id='line_1_37' title="bbox 343 3176 1270 3249; baseline -0.003 -16"><span class='ocrx_word' id='word_1_266' title='bbox 343 3176 405 3244; x_wconf 78' lang='lat' dir='ltr'>sit3</span> <span class='ocrx_word' id='word_1_267' title='bbox 440 3176 510 3232; x_wconf 88' lang='lat' dir='ltr'>mibi</span> <span class='ocrx_word' id='word_1_268' title='bbox 528 3179 602 3234; x_wconf 89' lang='lat' dir='ltr'>euim</span> <span class='ocrx_word' id='word_1_269' title='bbox 620 3196 636 3233; x_wconf 90' lang='lat' dir='ltr'>e</span> <span class='ocrx_word' id='word_1_270' title='bbox 654 3188 714 3234; x_wconf 85' lang='lat' dir='ltr'>toto</span> <span class='ocrx_word' id='word_1_271' title='bbox 732 3195 969 3238; x_wconf 87' lang='lat' dir='ltr'>monumentorum</span> <span class='ocrx_word' id='word_1_272' title='bbox 991 3182 1104 3249; x_wconf 86' lang='lat' dir='ltr'>priscae</span> <span class='ocrx_word' id='word_1_273' title='bbox 1121 3181 1193 3235; x_wconf 86' lang='lat' dir='ltr'>artis</span> <span class='ocrx_word' id='word_1_274' title='bbox 1211 3195 1270 3232; x_wconf 85' lang='lat' dir='ltr'>aru·</span> 
     </span>
     <span class='ocr_line' id='line_1_38' title="bbox 344 3247 1269 3318; baseline -0.003 -16"><span class='ocrx_word' id='word_1_275' title='bbox 344 3247 408 3302; x_wconf 85' lang='lat' dir='ltr'>bitu</span> <span class='ocrx_word' id='word_1_276' title='bbox 436 3248 545 3301; x_wconf 88' lang='lat' dir='ltr'>nullum</span> <span class='ocrx_word' id='word_1_277' title='bbox 579 3265 630 3303; x_wconf 88' lang='lat' dir='ltr'>nec</span> <span class='ocrx_word' id='word_1_278' title='bbox 663 3250 803 3316; x_wconf 77' lang='lat' dir='ltr'>eiusmodi</span> <span class='ocrx_word' id='word_1_279' title='bbox 834 3269 888 3306; x_wconf 87' lang='lat' dir='ltr'>nec</span> <span class='ocrx_word' id='word_1_280' title='bbox 920 3250 1017 3312; x_wconf 83' lang='lat' dir='ltr'>simile</span> <span class='ocrx_word' id='word_1_281' title='bbox 1044 3250 1187 3318; x_wconf 89' lang='lat' dir='ltr'>cognitum</span> <span class='ocrx_word' id='word_1_282' title='bbox 1215 3257 1269 3302; x_wconf 86' lang='lat' dir='ltr'>est.</span> 
     </span>
     <span class='ocr_line' id='line_1_39' title="bbox 344 3317 1271 3388; baseline -0.004 -15"><span class='ocrx_word' id='word_1_283' title='bbox 344 3317 419 3374; x_wconf 77' lang='lat' dir='ltr'>Quid</span> <span class='ocrx_word' id='word_1_284' title='bbox 438 3317 513 3384; x_wconf 88' lang='lat' dir='ltr'>quod</span> <span class='ocrx_word' id='word_1_285' title='bbox 533 3317 595 3388; x_wconf 88' lang='lat' dir='ltr'>ipse</span> <span class='ocrx_word' id='word_1_286' title='bbox 613 3320 686 3372; x_wconf 85' lang='lat' dir='ltr'>adeo</span> <span class='ocrx_word' id='word_1_287' title='bbox 712 3320 912 3376; x_wconf 85' lang='lat' dir='ltr'>Muellerus</span> <span class='ocrx_word' id='word_1_288' title='bbox 940 3321 969 3375; x_wconf 90' lang='lat' dir='ltr'>iu</span> <span class='ocrx_word' id='word_1_289' title='bbox 996 3336 1028 3374; x_wconf 91' lang='lat' dir='ltr'>re</span> <span class='ocrx_word' id='word_1_290' title='bbox 1044 3318 1128 3388; x_wconf 66' lang='lat' dir='ltr'>:baud</span> <span class='ocrx_word' id='word_1_291' title='bbox 1154 3317 1271 3373; x_wconf 88' lang='lat' dir='ltr'>multum</span> 
     </span>
     <span class='ocr_line' id='line_1_40' title="bbox 344 3384 1269 3471; baseline -0.003 -30"><span class='ocrx_word' id='word_1_292' title='bbox 344 3384 474 3441; x_wconf 80' lang='lat' dir='ltr'>absimili</span> <span class='ocrx_word' id='word_1_293' title='bbox 499 3385 598 3456; x_wconf 83' lang='lat' dir='ltr'>lapsus</span> <span class='ocrx_word' id='word_1_294' title='bbox 620 3392 682 3444; x_wconf 82' lang='lat' dir='ltr'>esti</span> <span class='ocrx_word' id='word_1_295' title='bbox 723 3391 848 3461; x_wconf 19' lang='lat' dir='ltr'>,Quippe</span> <span class='ocrx_word' id='word_1_296' title='bbox 869 3389 940 3444; x_wconf 87' lang='lat' dir='ltr'>isin</span> <span class='ocrx_word' id='word_1_297' title='bbox 960 3386 1105 3471; x_wconf 86' lang='lat' dir='ltr'>compend.</span> <span class='ocrx_word' id='word_1_298' title='bbox 1125 3387 1269 3442; x_wconf 85' lang='lat' dir='ltr'>arcbaeol.</span> 
     </span>
     <span class='ocr_line' id='line_1_41' title="bbox 345 3453 1271 3534; baseline -0.003 -24"><span class='ocrx_word' id='word_1_299' title='bbox 345 3453 417 3510; x_wconf 83' lang='lat' dir='ltr'>artis</span> <span class='ocrx_word' id='word_1_300' title='bbox 443 3455 554 3534; x_wconf 58' lang='lat' dir='ltr'>Mlti,</span> <span class='ocrx_word' id='word_1_301' title='bbox 589 3457 685 3513; x_wconf 76' lang='lat' dir='ltr'>adar</span> <span class='ocrx_word' id='word_1_302' title='bbox 712 3475 822 3514; x_wconf 88' lang='lat' dir='ltr'>numum</span> <span class='ocrx_word' id='word_1_303' title='bbox 849 3475 866 3512; x_wconf 87' lang='lat' dir='ltr'>a</span> <span class='ocrx_word' id='word_1_304' title='bbox 892 3459 1053 3513; x_wconf 79' lang='lat' dir='ltr'>Phaselitis</span> <span class='ocrx_word' id='word_1_305' title='bbox 1081 3472 1200 3524; x_wconf 90' lang='lat' dir='ltr'>cusum,</span> <span class='ocrx_word' id='word_1_306' title='bbox 1234 3455 1271 3510; x_wconf 88' lang='lat' dir='ltr'>ab</span> 
     </span>
     <span class='ocr_line' id='line_1_42' title="bbox 345 3523 1325 3597; baseline -0.002 -17"><span class='ocrx_word' id='word_1_307' title='bbox 345 3523 528 3580; x_wconf 82' lang='lat' dir='ltr'>Eckbelro</span> <span class='ocrx_word' id='word_1_308' title='bbox 545 3523 575 3579; x_wconf 90' lang='lat' dir='ltr'>iu</span> <span class='ocrx_word' id='word_1_309' title='bbox 593 3523 669 3596; x_wconf 77' lang='lat' dir='ltr'>syll.</span> <span class='ocrx_word' id='word_1_310' title='bbox 687 3528 721 3582; x_wconf 87' lang='lat' dir='ltr'>T.</span> <span class='ocrx_word' id='word_1_311' title='bbox 740 3529 796 3594; x_wconf 91' lang='lat' dir='ltr'>1v,</span> <span class='ocrx_word' id='word_1_312' title='bbox 824 3529 879 3582; x_wconf 81' lang='lat' dir='ltr'>tab.</span> <span class='ocrx_word' id='word_1_313' title='bbox 902 3527 931 3581; x_wconf 84' lang='lat'>11</span> <span class='ocrx_word' id='word_1_314' title='bbox 949 3528 1122 3597; x_wconf 86' lang='lat' dir='ltr'>publicatum</span> <span class='ocrx_word' id='word_1_315' title='bbox 1140 3527 1188 3580; x_wconf 87' lang='lat' dir='ltr'>bis</span> <span class='ocrx_word' id='word_1_316' title='bbox 1206 3540 1274 3579; x_wconf 86' lang='lat' dir='ltr'>ver·</span> <span class='ocrx_word' id='word_1_317' title='bbox 1323 3531 1325 3540; x_wconf 67' lang='lat'><strong><em>⁴</em></strong></span> 
     </span>
     <span class='ocr_line' id='line_1_43' title="bbox 347 3593 1273 3666; baseline -0.002 -18"><span class='ocrx_word' id='word_1_318' title='bbox 347 3593 395 3648; x_wconf 85' lang='lat' dir='ltr'>bis</span> <span class='ocrx_word' id='word_1_319' title='bbox 420 3606 638 3651; x_wconf 83' lang='lat' dir='ltr'>commentatur:</span> <span class='ocrx_word' id='word_1_320' title='bbox 674 3597 725 3652; x_wconf 68' lang='lat' dir='ltr'>aa.</span> <span class='ocrx_word' id='word_1_321' title='bbox 746 3600 788 3652; x_wconf 87' lang='lat' dir='ltr'>als</span> <span class='ocrx_word' id='word_1_322' title='bbox 807 3595 1008 3666; x_wconf 80' lang='lat' dir='ltr'>Scbiffsgbttiu</span> <span class='ocrx_word' id='word_1_323' title='bbox 1027 3596 1075 3650; x_wconf 85' lang='lat' dir='ltr'>die</span> <span class='ocrx_word' id='word_1_324' title='bbox 1091 3594 1183 3664; x_wconf 75' lang='lat' dir='ltr'>begis</span> <span class='ocrx_word' id='word_1_325' title='bbox 1208 3609 1273 3647; x_wconf 82' lang='lat' dir='ltr'>uum</span> 
     </span>
     <span class='ocr_line' id='line_1_44' title="bbox 346 3661 1274 3735; baseline -0.002 -17"><span class='ocrx_word' id='word_1_326' title='bbox 346 3661 452 3730; x_wconf 89' lang='lat' dir='ltr'>Seegel</span> <span class='ocrx_word' id='word_1_327' title='bbox 469 3666 701 3735; x_wconf 81' lang='lat' dir='ltr'>ousspanueudr;</span> <span class='ocrx_word' id='word_1_328' title='bbox 732 3678 761 3722; x_wconf 86' lang='lat' dir='ltr'>at</span> <span class='ocrx_word' id='word_1_329' title='bbox 779 3668 809 3720; x_wconf 91' lang='lat' dir='ltr'>in</span> <span class='ocrx_word' id='word_1_330' title='bbox 828 3667 882 3723; x_wconf 87' lang='lat' dir='ltr'>boc</span> <span class='ocrx_word' id='word_1_331' title='bbox 899 3666 1018 3721; x_wconf 89' lang='lat' dir='ltr'>scilicet</span> <span class='ocrx_word' id='word_1_332' title='bbox 1034 3681 1117 3728; x_wconf 88' lang='lat' dir='ltr'>numo</span> <span class='ocrx_word' id='word_1_333' title='bbox 1135 3677 1274 3735; x_wconf 83' lang='lat' dir='ltr'>expressa</span> 
     </span>
     <span class='ocr_line' id='line_1_45' title="bbox 346 3733 1275 3803; baseline 0 -17"><span class='ocrx_word' id='word_1_334' title='bbox 346 3741 392 3787; x_wconf 85' lang='lat' dir='ltr'>est</span> <span class='ocrx_word' id='word_1_335' title='bbox 409 3733 561 3786; x_wconf 88' lang='lat' dir='ltr'>secuudum</span> <span class='ocrx_word' id='word_1_336' title='bbox 578 3734 672 3790; x_wconf 86' lang='lat' dir='ltr'>descri</span> <span class='ocrx_word' id='word_1_337' title='bbox 696 3736 801 3792; x_wconf 89' lang='lat' dir='ltr'>tionem</span> <span class='ocrx_word' id='word_1_338' title='bbox 819 3735 1014 3801; x_wconf 80' lang='lat' dir='ltr'>Eckbelii,</span> <span class='ocrx_word' id='word_1_339' title='bbox 1041 3750 1115 3803; x_wconf 87' lang='lat' dir='ltr'>quae</span> <span class='ocrx_word' id='word_1_340' title='bbox 1132 3751 1160 3803; x_wconf 89' lang='lat' dir='ltr'>p.</span> <span class='ocrx_word' id='word_1_341' title='bbox 1178 3738 1210 3788; x_wconf 83' lang='lat' dir='ltr'>ll</span> <span class='ocrx_word' id='word_1_342' title='bbox 1229 3733 1275 3786; x_wconf 90' lang='lat' dir='ltr'>le·</span> 
     </span>
     <span class='ocr_line' id='line_1_46' title="bbox 245 3798 1274 3870; baseline -0.005 -11"><span class='ocrx_word' id='word_1_343' title='bbox 245 3853 248 3859; x_wconf 86' lang='lat'><em>.</em></span> <span class='ocrx_word' id='word_1_344' title='bbox 347 3798 442 3870; x_wconf 73' lang='lat' dir='ltr'>giturz</span> <span class='ocrx_word' id='word_1_345' title='bbox 479 3799 589 3857; x_wconf 75' lang='lat' dir='ltr'>»Prota</span> <span class='ocrx_word' id='word_1_346' title='bbox 617 3819 696 3858; x_wconf 79' lang='lat' dir='ltr'>navus</span> <span class='ocrx_word' id='word_1_347' title='bbox 723 3807 769 3859; x_wconf 89' lang='lat' dir='ltr'>cui</span> <span class='ocrx_word' id='word_1_348' title='bbox 797 3802 906 3859; x_wconf 86' lang='lat' dir='ltr'>insistit</span> <span class='ocrx_word' id='word_1_349' title='bbox 932 3805 1032 3859; x_wconf 82' lang='lat' dir='ltr'>Pallas</span> <span class='ocrx_word' id='word_1_350' title='bbox 1054 3806 1082 3859; x_wconf 90' lang='lat' dir='ltr'>d.</span> <span class='ocrx_word' id='word_1_351' title='bbox 1106 3803 1212 3857; x_wconf 85' lang='lat' dir='ltr'>tulmen</span> <span class='ocrx_word' id='word_1_352' title='bbox 1230 3801 1274 3855; x_wconf 81' lang='lat' dir='ltr'>ni-</span> 
     </span>
     <span class='ocr_line' id='line_1_47' title="bbox 240 3869 1275 3945; baseline -0.001 -21"><span class='ocrx_word' id='word_1_353' title='bbox 240 3884 244 3892; x_wconf 77' lang='grc'><strong><em>’</em></strong></span> <span class='ocrx_word' id='word_1_354' title='bbox 346 3871 452 3937; x_wconf 88' lang='lat' dir='ltr'>braus,</span> <span class='ocrx_word' id='word_1_355' title='bbox 482 3869 604 3926; x_wconf 78' lang='lat' dir='ltr'>sinistra</span> <span class='ocrx_word' id='word_1_356' title='bbox 630 3874 758 3942; x_wconf 82' lang='lat' dir='ltr'>aegidem</span> <span class='ocrx_word' id='word_1_357' title='bbox 783 3876 988 3945; x_wconf 76' lang='lat' dir='ltr'>praetendens«</span> <span class='ocrx_word' id='word_1_358' title='bbox 1015 3884 1103 3936; x_wconf 70' lang='lat' dir='ltr'>cetat</span> <span class='ocrx_word' id='word_1_359' title='bbox 1140 3889 1209 3941; x_wconf 87' lang='lat' dir='ltr'>ergo</span> <span class='ocrx_word' id='word_1_360' title='bbox 1228 3869 1275 3924; x_wconf 81' lang='lat' dir='ltr'>vel</span> 
     </span>
    </p>

    <p class='ocr_par' dir='ltr' id='par_1_4' title="bbox 347 3937 1274 4167">
     <span class='ocr_line' id='line_1_48' title="bbox 348 3937 1274 4010; baseline -0.002 -16"><span class='ocrx_word' id='word_1_361' title='bbox 348 3937 400 4007; x_wconf 87' lang='lat' dir='ltr'>id,</span> <span class='ocrx_word' id='word_1_362' title='bbox 433 3939 509 4008; x_wconf 87' lang='lat' dir='ltr'>quod</span> <span class='ocrx_word' id='word_1_363' title='bbox 526 3940 581 3995; x_wconf 87' lang='lat' dir='ltr'>dea</span> <span class='ocrx_word' id='word_1_364' title='bbox 603 3945 694 3998; x_wconf 84' lang='lat' dir='ltr'>altera</span> <span class='ocrx_word' id='word_1_365' title='bbox 720 3959 800 3997; x_wconf 84' lang='lat' dir='ltr'>manu</span> <span class='ocrx_word' id='word_1_366' title='bbox 819 3944 923 3997; x_wconf 78' lang='lat' dir='ltr'>fulmen</span> <span class='ocrx_word' id='word_1_367' title='bbox 941 3943 1039 3997; x_wconf 82' lang='lat' dir='ltr'>vibrat</span> <span class='ocrx_word' id='word_1_368' title='bbox 1055 3942 1141 3997; x_wconf 84' lang='lat' dir='ltr'>alium</span> <span class='ocrx_word' id='word_1_369' title='bbox 1159 3940 1274 4010; x_wconf 81' lang='lat' dir='ltr'>aegidis</span> 
     </span>
     <span class='ocr_line' id='line_1_49' title="bbox 348 4009 1274 4087; baseline -0.001 -24"><span class='ocrx_word' id='word_1_370' title='bbox 348 4009 440 4064; x_wconf 83' lang='lat' dir='ltr'>altera</span> <span class='ocrx_word' id='word_1_371' title='bbox 479 4019 623 4066; x_wconf 78' lang='lat' dir='ltr'>reelentae</span> <span class='ocrx_word' id='word_1_372' title='bbox 640 4013 863 4087; x_wconf 84' lang='lat' dir='ltr'>explicationem</span> <span class='ocrx_word' id='word_1_373' title='bbox 881 4011 1000 4077; x_wconf 87' lang='lat' dir='ltr'>suadet,</span> <span class='ocrx_word' id='word_1_374' title='bbox 1026 4012 1080 4066; x_wconf 86' lang='lat' dir='ltr'>cir.</span> <span class='ocrx_word' id='word_1_375' title='bbox 1094 4011 1178 4066; x_wconf 90' lang='lat' dir='ltr'>modo</span> <span class='ocrx_word' id='word_1_376' title='bbox 1190 4011 1274 4063; x_wconf 85' lang='lat' dir='ltr'>Hom.</span> 
     </span>
     <span class='ocr_line' id='line_1_50' title="bbox 347 4025 1274 4167; baseline -0.003 -34"><span class='ocrx_word' id='word_1_377' title='bbox 347 4077 384 4134; x_wconf 85' lang='lat' dir='ltr'>ll.</span> <span class='ocrx_word' id='word_1_378' title='bbox 401 4025 507 4145; x_wconf 60' lang='lat' dir='ltr'>XVXI,</span> <span class='ocrx_word' id='word_1_379' title='bbox 530 4081 582 4137; x_wconf 76' lang='lat'>59³</span> <span class='ocrx_word' id='word_1_380' title='bbox 600 4097 663 4152; x_wconf 81' lang='lat' dir='ltr'>sqq.</span> <span class='ocrx_word' id='word_1_381' title='bbox 717 4081 775 4138; x_wconf 88' lang='lat' dir='ltr'>Sed</span> <span class='ocrx_word' id='word_1_382' title='bbox 793 4083 849 4167; x_wconf 85' lang='lat' dir='ltr'>boc</span> <span class='ocrx_word' id='word_1_383' title='bbox 866 4076 901 4136; x_wconf 80' lang='lat' dir='ltr'>uis</span> <span class='ocrx_word' id='word_1_384' title='bbox 919 4077 949 4135; x_wconf 76' lang='lat' dir='ltr'>iv</span> <span class='ocrx_word' id='word_1_385' title='bbox 965 4077 1088 4152; x_wconf 59' lang='grc' dir='ltr'>παρόδῳ.</span> <span class='ocrx_word' id='word_1_386' title='bbox 1142 4077 1274 4147; x_wconf 70' lang='lat' dir='ltr'>Longius</span> 
     </span>
    </p>
   </div>
   <div class='ocr_carea' id='block_1_4' title="bbox 0 0 1431 4692">
    <p class='ocr_par' dir='ltr' id='par_1_5' title="bbox 0 0 1431 4692">
     <span class='ocr_line' id='line_1_51' title="bbox 0 0 1431 4692; baseline 0 0"><span class='ocrx_word' id='word_1_387' title='bbox 0 0 1431 4692; x_wconf 95' lang='lat' dir='ltr'> </span> 
     </span>
    </p>
   </div>
  </div>
 </body>
</html>
