2794 4690
1111 345 1165 456 §h

201 500 481 574 *Videarerhum
501 503 871 594 emptoris-principio
897 528 979 579 osso:
996 516 1159 595 iterus,

140 600 354 670 curvatus.
398 592 479 657 lude
510 604 583 660 orta
612 595 827 679 significatio:
862 615 1003 676 cavus,
1034 619 1160 663 came*

138 685 269 740 ratus.
321 672 387 739 Sed
407 709 450 722 ·-
471 675 506 739 id
527 675 615 760 quod
635 675 743 750 adhuc
764 675 805 742 de
830 677 993 743 industria
1011 702 1079 744 non
1099 680 1160 745 ad.

138 762 324 826 notavimus
344 794 386 810 —
407 757 493 824 idem
519 770 645 824 veteres
671 763 878 846 grammatici
905 766 1003 828 etiam
1032 773 1159 848 χθαμα-

138 840 192 916 λὸς
211 843 356 910 valuisse
380 840 524 906 tradunt.
579 841 647 907 Cfr.
669 864 700 907 v.
723 864 750 906 c.
774 845 961 914 Eustethius
988 847 1031 910 ad
1057 849 1158 913 Hom.

141 925 203 993 Od.
225 923 324 1004 XIII,
344 926 402 992 Vs.
424 929 502 992 349:
528 923 705 1010 Ἐπηρεφὲς
727 927 759 988 δι’
777 925 952 1012 καινότερον
972 933 1025 1010 μὲν
1046 929 1079 996 sd
1103 928 1159 994 ud.
1280 995 1285 1009 ἱ

65 1119 68 1124 Ι
138 1007 345 1156 sp'popov·doi
367 1009 717 1156 “dinazaffdfflzom
738 1012 792 1072 uod
811 1011 1052 1158 χθῖιᾳέἃαιὶλόν.1
1077 1014 1159 1161 8ρέ

138 1112 553 1260 dntnvoddaffiooddddvfl
573 1113 966 1244 §dcaali'ddrrdrsddiavihr
982 1120 1157 1254 ddpld’dimo

137 1247 255 1324 habuit
275 1260 466 1362 scholiastes
487 1260 529 1363 ad
549 1264 659 1326 locum
678 1261 910 1364 Aeschyleum‚
935 1261 980 1366 de
1001 1284 1066 1368 puq
1081 1284 1157 1364 aep-

137 1364 193 1408 mo
222 1353 287 1422 eet,
322 1345 466 1408 scribens
494 1342 595 1408 rhlud:
636 1349 877 1423 καταβαλλει
906 1369 1015 1428 yson
1049 1356 1154 1430 ορθοι.

28 1449 31 1455 ’
136 1427 232 1492 Unde
252 1448 271 1490 a
293 1437 403 1510 paret,
425 1448 565 1504 errasse,
588 1431 647 1510 qui
667 1427 779 1508 exsshis
798 1428 908 1491 verbis
928 1449 1002 1493 eum
1023 1433 1158 1494 conclu·

136 1514 242 1576 serint
284 1514 423 1574 iversam
452 1512 625 1574 lectionem
652 1521 727 1573 ante
749 1511 862 1574 oculos
888 1512 1049 1577 habuisse.
1112 1515 1159 1580 At

136 1604 275 1678 quaerat
307 1594 443 1676 aliquis,
482 1592 645 1677 quomodo
676 1592 836 1659 vocabulo
872 1594 1050 1678 κατηρεφῆς
1078 1598 1157 1661 talis

133 1680 231 1740 notio
251 1676 380 1740 subesse
399 1679 513 1761 possit.
554 1676 680 1759 Nempe
706 1677 770 1739 hoc
797 1679 994 1742 facillimum
1015 1682 1081 1744 erit
1101 1679 1158 1745 de·

135 1768 356 1844 monstratu„
374 1763 404 1822 si
431 1759 472 1823 ad
493 1763 696 1824 contrarium
713 1753 852 1836 uerbum
880 1758 981 1844 ὀρθός
1007 1783 1157 1846 respexe·

135 1847 196 1910 ris.
251 1844 379 1907 Etenim
399 1846 497 1907 sicuti
518 1844 581 1908 hoc
602 1854 744 1908 rectus
774 1849 869 1906 sonat
889 1854 922 1907 et
943 1848 1043 1910 simul
1071 1868 1157 1912 ere-

134 1939 243 2008 ctus,
272 1929 322 1989 sic
349 1925 385 1989 id
406 1929 618 2006 vocabulum,
651 1930 741 2008 cujus
762 1929 933 2010 primitiva
953 1931 1156 2017 significatio

134 2013 217 2074 tuit=
247 2012 404 2091 flexus,
431 2021 654 2090 curvatus,
685 2013 808 2095 optime
828 2013 969 2076 transire
988 2017 1099 2095 potuit
1119 2016 1157 2076 iu
1183 2043 1184 2046 ¹

133 2095 236 2173 hanc,
275 2103 313 2156 ut
347 2095 566 2158 humilitatem
597 2093 791 2182 designaret.
854 2096 946 2177 Quae
977 2117 1078 2180 quum
1107 2100 1162 2160 ita·

135 2180 221 2257 sint,
252 2176 446 2256 videndum,
479 2197 522 2240 an
542 2198 609 2241 nou
628 2180 782 2256 verbum,
809 2176 936 2261 dequo
958 2182 1086 2266 agitur,
1118 2183 1156 2242 in

133 2281 175 2325 eo
195 2264 270 2325 loco
292 2262 489 2342 Homerico,
515 2262 575 2324 uhi
594 2260 738 2326 aedilicii
759 2263 929 2344 epitheton
950 2272 1014 2341 ost,
1042 2265 1154 2345 potius

132 2346 198 2409 hoc
227 2363 323 2408 sensu
350 2344 475 2410 dictum
502 2345 709 2408 statuendum
734 2348 787 2407 sit.
851 2344 952 2407 Idem·
972 2349 1031 2409 vix
1059 2345 1150 2409 dicas

134 2427 176 2491 de
195 2430 300 2492 simili
319 2431 393 2493 loco
414 2429 607 2512 Sophocleo.
662 2429 776 2507 ¹Quam
805 2429 841 2487 in
866 2447 935 2490 rem
963 2431 1023 2493 cfr.
1052 2431 1153 2491 etiam

86 2507 91 2519 '
156 2513 241 2576 losse
267 2513 476 2595 Hesychiana
503 2512 553 2574 bis
581 2513 681 2572 citata
709 2519 743 2572 et
770 2510 915 2572 Euslath.
946 2507 988 2572 ad
1009 2508 1069 2576 Od.
1092 2509 1152 2588 IX,

169 2618 194 2658 s.
218 2598 295 2662 183:
337 2596 367 2658 ἐν
396 2597 428 2658 δὲ
455 2597 606 2677 ῥητορικῷ
632 2595 737 2674 λεξικῷ
762 2595 815 2654 καὶ
840 2593 1010 2676 κατηρεφὲς
1040 2594 1154 2674 οἴκημα

133 2677 249 2760 λέγεται
279 2676 313 2743 td
348 2675 540 2744 ταπεινόν.
605 2676 701 2741 Certe
730 2697 768 2739 ea
796 2673 1037 2758 interpretandi
1063 2679 1152 2742 ratio

132 2784 200 2830 uon
221 2762 353 2827 videtur
375 2765 519 2827 caruisse
539 2762 757 2844 locupletibus
778 2762 978 2828 auctoribus.
1030 2760 1155 2828 Redea-

134 2867 206 2911 mus
225 2849 291 2927 jam
312 2845 485 2911 adlocum
505 2846 730 2926 Aeschyleum.
770 2893 772 2900 ,

134 2979 137 2986 .
215 2930 324 3009 Patet,
359 2933 459 2995 sicuti
485 2929 680 2994 vocabulum
709 2924 806 3010 ὀρθὰν
827 2925 954 3011 duplici
980 2927 1080 2993 modo
1102 2931 1153 2991 in·

131 3013 244 3101 telligi
262 3015 382 3098 possit,
411 3017 460 3078 sic
481 3015 624 3088 scilicet,
650 3022 689 3074 ut
709 3021 766 3076 aut
786 3022 938 3077 rectum
959 3011 1153 3077 vertendum

131 3099 196 3177 sit,
225 3108 283 3163 aut
310 3108 509 3175 erectum,
541 3097 697 3158 similiter
725 3099 825 3160 etiam
852 3098 1013 3178 κατηρεφῆ
1033 3105 1090 3158 aut
1111 3096 1152 3163 de

133 3189 311 3246 curvato
331 3180 414 3265 pede
436 3180 579 3264 intelligi
600 3200 703 3261 posse,
724 3188 782 3242 aut
802 3178 842 3242 de
862 3179 945 3262 pede
965 3178 1007 3242 ad
1024 3189 1153 3270 ¹terram

132 3263 347 3348 depresso.
400 3266 476 3327 Hoc
496 3264 604 3327 voluit
625 3262 825 3346 scholiastes.
876 3264 966 3325 Num
986 3265 1092 3350 igitur
1112 3261 1154 3326 de

131 3351 205 3412 solo
232 3347 412 3437 gradiendo
427 3345 644 3435 cogitandum
665 3355 730 3426 est,
769 3346 827 3409 ubi
854 3346 970 3430 pedem
998 3354 1032 3410 et
1052 3348 1154 3492 eripi·

114 3453 206 3504 -mus
233 3442 267 3497 ct
292 3431 523 3516 deprimimus,
559 3449 660 3512 quere
681 3432 734 3493 vel
759 3449 824 3492 una
850 3433 914 3494 ista
934 3430 1023 3494 actio
1044 3428 1110 3511 dup
1125 3431 1154 3490 i·
1177 3443 1181 3450 '

132 3519 166 3579 ci
187 3517 250 3578 hac
269 3515 382 3598 phrasi
403 3516 596 3597 praesertim
615 3515 663 3575 sic
688 3515 861 3594 conjuncta
878 3515 1006 3599 signari
1027 3515 1153 3594 possit?

131 3599 184 3664 An
205 3601 303 3661 simul
327 3596 368 3664 de
394 3598 521 3677 eundo,
549 3595 638 3680 quod
658 3599 728 3660 fere
748 3595 899 3661 denotari
925 3616 1020 3679 posse
1039 3594 1154 3661 credas

131 3683 242 3748 verbis
261 3681 344 3746 πόδα
365 3679 462 3765 ὀρθόν
482 3673 602 3744 ’τιθέναι
622 3679 654 3741 h.
677 3701 705 3744 e.
729 3675 866 3759 ὅρθοῦν,
896 3689 995 3764 atque
1021 3678 1151 3762 stando,

133 3785 233 3849 quum
252 3765 516 3849 πόδωκατηριφῆ
535 3763 655 3829 τιθέναι
675 3765 707 3828 h.
730 3784 757 3834 ef
779 3760 979 3846 καταβάλλειν
1006 3784 1073 3828 non
1100 3764 1152 3824 in·

131 3858 207 3933 epte
228 3848 359 3914 dicatur
378 3853 425 3929 is,
446 3852 503 3933 qui
524 3854 607 3912 stat?
648 3845 710 3912 Sin
735 3851 900 3932 praeferas
926 3847 1028 3914 verba
1046 3840 1158 3924 ‘doddo

131 3936 346 4015 otssmpeovi
365 3942 509 4000 vertere:
550 3942 709 4021 rectum
736 3941 771 3996 et
799 3933 956 3999 flexum
974 3932 1045 3997 sive
1065 3948 1152 3999 cur·

130 4026 285 4096 vatum,
314 4015 488 4090 dicendum
519 4025 590 4097 est,
622 4025 748 4081 rectum
775 4014 893 4099 pedem
925 4033 994 4084 esse
1023 4013 1162 4093 stantiu-

883 4215 888 4228 ,
924 4150 950 4226 ὅ
