<?xml version="1.0" encoding="UTF-8"?>
<!DOCTYPE html PUBLIC "-//W3C//DTD XHTML 1.0 Transitional//EN"
    "http://www.w3.org/TR/xhtml1/DTD/xhtml1-transitional.dtd">
<html xmlns="http://www.w3.org/1999/xhtml" xml:lang="en" lang="en">
 <head>
  <title>
</title>
<meta http-equiv="Content-Type" content="text/html;charset=utf-8" />
  <meta name='ocr-system' content='tesseract 3.04.00' />
  <meta name='ocr-capabilities' content='ocr_page ocr_carea ocr_par ocr_line ocrx_word'/>
</head>
<body>
  <div class='ocr_page' id='page_1' title='image "./conjectaneainae00wiesgoog_0121.png"; bbox 0 0 2794 4692; ppageno 0'>
   <div class='ocr_carea' id='block_1_1' title="bbox 271 703 1392 3044">
    <p class='ocr_par' dir='ltr' id='par_1_1' title="bbox 366 703 1296 783">
     <span class='ocr_line' id='line_1_1' title="bbox 366 703 1296 783; baseline -0.011 -15"><span class='ocrx_word' id='word_1_1' title='bbox 366 715 431 783; x_wconf 84' lang='lat' dir='ltr'><strong>quis</strong></span> <span class='ocrx_word' id='word_1_2' title='bbox 447 710 577 768; x_wconf 77' lang='lat' dir='ltr'><strong>existere</strong></span> <span class='ocrx_word' id='word_1_3' title='bbox 594 707 704 778; x_wconf 81' lang='lat' dir='ltr'><strong>possit,</strong></span> <span class='ocrx_word' id='word_1_4' title='bbox 739 703 834 772; x_wconf 86' lang='lat' dir='ltr'><strong>quiin</strong></span> <span class='ocrx_word' id='word_1_5' title='bbox 853 719 887 759; x_wconf 89' lang='lat' dir='ltr'><strong>eo</strong></span> <span class='ocrx_word' id='word_1_6' title='bbox 905 705 1043 769; x_wconf 85' lang='lat' dir='ltr'><strong>offendat,</strong></span> <span class='ocrx_word' id='word_1_7' title='bbox 1070 704 1144 772; x_wconf 87' lang='lat' dir='ltr'><strong>quod</strong></span> <span class='ocrx_word' id='word_1_8' title='bbox 1164 703 1296 759; x_wconf 88' lang='lat' dir='ltr'><strong>illinerra</strong></span> 
     </span>
    </p>

    <p class='ocr_par' dir='ltr' id='par_1_2' title="bbox 271 775 1294 915">
     <span class='ocr_line' id='line_1_2' title="bbox 271 775 1294 850; baseline -0.011 -12"><span class='ocrx_word' id='word_1_9' title='bbox 271 819 277 827; x_wconf 89' lang='lat'><em>-</em></span> <span class='ocrx_word' id='word_1_10' title='bbox 366 781 465 838; x_wconf 79' lang='lat' dir='ltr'><strong>Furiis</strong></span> <span class='ocrx_word' id='word_1_11' title='bbox 483 779 592 850; x_wconf 88' lang='lat' dir='ltr'><strong>copiam</strong></span> <span class='ocrx_word' id='word_1_12' title='bbox 609 776 681 830; x_wconf 86' lang='lat' dir='ltr'><strong>lacit</strong></span> <span class='ocrx_word' id='word_1_13' title='bbox 699 775 830 828; x_wconf 80' lang='lat' dir='ltr'>Orestem</span> <span class='ocrx_word' id='word_1_14' title='bbox 854 775 890 828; x_wconf 88' lang='lat' dir='ltr'><strong>tle</strong></span> <span class='ocrx_word' id='word_1_15' title='bbox 909 775 996 828; x_wconf 87' lang='lat' dir='ltr'><strong>caede</strong></span> <span class='ocrx_word' id='word_1_16' title='bbox 1020 775 1187 840; x_wconf 84' lang='lat' dir='ltr'><strong>accusandi,</strong></span> <span class='ocrx_word' id='word_1_17' title='bbox 1223 791 1294 840; x_wconf 85' lang='lat' dir='ltr'><strong>qua-</strong></span> 
     </span>
     <span class='ocr_line' id='line_1_3' title="bbox 367 843 1293 915; baseline -0.012 -7"><span class='ocrx_word' id='word_1_18' title='bbox 367 869 427 908; x_wconf 90' lang='lat' dir='ltr'><strong>rum</strong></span> <span class='ocrx_word' id='word_1_19' title='bbox 446 862 537 905; x_wconf 86' lang='lat' dir='ltr'><strong>tamen</strong></span> <span class='ocrx_word' id='word_1_20' title='bbox 555 845 779 915; x_wconf 82' lang='lat' dir='ltr'><strong>Clytaemnestra</strong></span> <span class='ocrx_word' id='word_1_21' title='bbox 804 859 858 896; x_wconf 88' lang='lat' dir='ltr'><strong>nec</strong></span> <span class='ocrx_word' id='word_1_22' title='bbox 881 843 1042 913; x_wconf 85' lang='lat' dir='ltr'><strong>propinqua</strong></span> <span class='ocrx_word' id='word_1_23' title='bbox 1060 861 1117 897; x_wconf 87' lang='lat' dir='ltr'><strong>uec·</strong></span> <span class='ocrx_word' id='word_1_24' title='bbox 1131 861 1212 910; x_wconf 81' lang='lat' dir='ltr'><strong>serva</strong></span> <span class='ocrx_word' id='word_1_25' title='bbox 1230 845 1293 897; x_wconf 89' lang='lat' dir='ltr'><strong>lue-</strong></span> 
     </span>
    </p>

    <p class='ocr_par' dir='ltr' id='par_1_3' title="bbox 292 911 1294 979">
     <span class='ocr_line' id='line_1_4' title="bbox 292 911 1294 979; baseline -0.011 -2"><span class='ocrx_word' id='word_1_26' title='bbox 292 949 295 956; x_wconf 88' lang='grc'>·</span> <span class='ocrx_word' id='word_1_27' title='bbox 367 931 420 977; x_wconf 90' lang='lat' dir='ltr'><strong>rat.</strong></span> <span class='ocrx_word' id='word_1_28' title='bbox 455 918 604 979; x_wconf 88' lang='lat' dir='ltr'><strong>Audirem‚</strong></span> <span class='ocrx_word' id='word_1_29' title='bbox 623 914 650 968; x_wconf 88' lang='lat' dir='ltr'><strong>si</strong></span> <span class='ocrx_word' id='word_1_30' title='bbox 669 912 775 966; x_wconf 82' lang='lat' dir='ltr'><strong>Furiae</strong></span> <span class='ocrx_word' id='word_1_31' title='bbox 794 911 1042 967; x_wconf 87' lang='lat' dir='ltr'><strong>hominesessettt.</strong></span> <span class='ocrx_word' id='word_1_32' title='bbox 1078 913 1210 966; x_wconf 79' lang='lat' dir='ltr'><strong>Ceterum</strong></span> <span class='ocrx_word' id='word_1_33' title='bbox 1229 913 1294 966; x_wconf 88' lang='lat' dir='ltr'><strong>iuu-</strong></span> 
     </span>
    </p>

    <p class='ocr_par' dir='ltr' id='par_1_4' title="bbox 328 981 1293 1128">
     <span class='ocr_line' id='line_1_5' title="bbox 328 981 1293 1052; baseline -0.012 -6"><span class='ocrx_word' id='word_1_34' title='bbox 328 1039 331 1046; x_wconf 92' lang='lat'><em>.</em></span> <span class='ocrx_word' id='word_1_35' title='bbox 369 991 422 1047; x_wconf 87' lang='lat' dir='ltr'><strong>tile</strong></span> <span class='ocrx_word' id='word_1_36' title='bbox 447 989 531 1052; x_wconf 90' lang='lat' dir='ltr'><strong>duco,</strong></span> <span class='ocrx_word' id='word_1_37' title='bbox 567 983 602 1036; x_wconf 84' lang='lat' dir='ltr'><strong>ad</strong></span> <span class='ocrx_word' id='word_1_38' title='bbox 630 984 701 1036; x_wconf 87' lang='lat' dir='ltr'><strong>hanc</strong></span> <span class='ocrx_word' id='word_1_39' title='bbox 723 981 911 1046; x_wconf 84' lang='lat' dir='ltr'><strong>objectionem</strong></span> <span class='ocrx_word' id='word_1_40' title='bbox 937 981 1126 1050; x_wconf 86' lang='lat' dir='ltr'><strong>respondere,</strong></span> <span class='ocrx_word' id='word_1_41' title='bbox 1163 999 1214 1034; x_wconf 90' lang='lat' dir='ltr'><strong>nec</strong></span> <span class='ocrx_word' id='word_1_42' title='bbox 1240 999 1293 1035; x_wconf 86' lang='lat' dir='ltr'><strong>urr-</strong></span> 
     </span>
     <span class='ocr_line' id='line_1_6' title="bbox 368 1047 1292 1128; baseline -0.013 -14"><span class='ocrx_word' id='word_1_43' title='bbox 368 1075 450 1128; x_wconf 87' lang='lat' dir='ltr'><strong>quum</strong></span> <span class='ocrx_word' id='word_1_44' title='bbox 473 1055 510 1108; x_wconf 87' lang='lat' dir='ltr'><strong>ad</strong></span> <span class='ocrx_word' id='word_1_45' title='bbox 535 1069 595 1108; x_wconf 85' lang='lat' dir='ltr'><strong>earn</strong></span> <span class='ocrx_word' id='word_1_46' title='bbox 622 1047 814 1105; x_wconf 79' lang='lat' dir='ltr'><strong>removendam</strong></span> <span class='ocrx_word' id='word_1_47' title='bbox 840 1067 875 1102; x_wconf 91' lang='lat' dir='ltr'><strong>eo</strong></span> <span class='ocrx_word' id='word_1_48' title='bbox 893 1050 1070 1118; x_wconf 80' lang='lat' dir='ltr'>confugiam,</span> <span class='ocrx_word' id='word_1_49' title='bbox 1104 1061 1137 1104; x_wconf 91' lang='lat' dir='ltr'><strong>ut</strong></span> <span class='ocrx_word' id='word_1_50' title='bbox 1159 1066 1292 1114; x_wconf 82' lang='lat' dir='ltr'><strong>asseram,</strong></span> 
     </span>
    </p>

    <p class='ocr_par' dir='ltr' id='par_1_5' title="bbox 279 1117 1392 1400">
     <span class='ocr_line' id='line_1_7' title="bbox 279 1117 1292 1189; baseline -0.011 -6"><span class='ocrx_word' id='word_1_51' title='bbox 279 1161 283 1172; x_wconf 90' lang='lat'><strong>·</strong></span> <span class='ocrx_word' id='word_1_52' title='bbox 366 1146 428 1183; x_wconf 77' lang='lat' dir='ltr'><strong>uon.</strong></span> <span class='ocrx_word' id='word_1_53' title='bbox 449 1127 549 1179; x_wconf 87' lang='lat' dir='ltr'><strong>deesse</strong></span> <span class='ocrx_word' id='word_1_54' title='bbox 575 1121 706 1189; x_wconf 85' lang='lat' dir='ltr'><strong>exempla</strong></span> <span class='ocrx_word' id='word_1_55' title='bbox 732 1119 807 1185; x_wconf 82' lang='lat' dir='ltr'><strong>legia</strong></span> <span class='ocrx_word' id='word_1_56' title='bbox 831 1117 930 1185; x_wconf 89' lang='lat' dir='ltr'><strong>illius,</strong></span> <span class='ocrx_word' id='word_1_57' title='bbox 965 1135 1055 1186; x_wconf 84' lang='lat' dir='ltr'><strong>equa</strong></span> <span class='ocrx_word' id='word_1_58' title='bbox 1079 1120 1107 1172; x_wconf 89' lang='lat' dir='ltr'><strong>ei</strong></span> <span class='ocrx_word' id='word_1_59' title='bbox 1134 1126 1237 1174; x_wconf 89' lang='lat' dir='ltr'><strong>tautum</strong></span> <span class='ocrx_word' id='word_1_60' title='bbox 1255 1121 1292 1172; x_wconf 90' lang='lat' dir='ltr'><strong>de</strong></span> 
     </span>
     <span class='ocr_line' id='line_1_8' title="bbox 365 1188 1294 1256; baseline -0.012 -5"><span class='ocrx_word' id='word_1_61' title='bbox 365 1197 605 1252; x_wconf 78' lang='lat' dir='ltr'><strong>caedeoccusare</strong></span> <span class='ocrx_word' id='word_1_62' title='bbox 623 1188 743 1254; x_wconf 88' lang='lat' dir='ltr'><strong>licebat,</strong></span> <span class='ocrx_word' id='word_1_63' title='bbox 771 1189 851 1253; x_wconf 85' lang='lat' dir='ltr'><strong>cnjus</strong></span> <span class='ocrx_word' id='word_1_64' title='bbox 870 1189 915 1242; x_wconf 88' lang='lat' dir='ltr'><strong>vel</strong></span> <span class='ocrx_word' id='word_1_65' title='bbox 935 1189 1110 1256; x_wconf 86' lang='lat' dir='ltr'><strong>propinquus</strong></span> <span class='ocrx_word' id='word_1_66' title='bbox 1128 1190 1175 1242; x_wconf 81' lang='lat' dir='ltr'><strong>vel</strong></span> <span class='ocrx_word' id='word_1_67' title='bbox 1188 1205 1294 1241; x_wconf 84' lang='lat' dir='ltr'><strong>servus</strong></span> 
     </span>
     <span class='ocr_line' id='line_1_9' title="bbox 366 1257 1392 1323; baseline -0.009 -3"><span class='ocrx_word' id='word_1_68' title='bbox 366 1259 614 1322; x_wconf 74' lang='lat' dir='ltr'><strong>lueratocclsus,</strong></span> <span class='ocrx_word' id='word_1_69' title='bbox 652 1257 792 1323; x_wconf 84' lang='lat' dir='ltr'><strong>violatae,</strong></span> <span class='ocrx_word' id='word_1_70' title='bbox 827 1257 862 1308; x_wconf 91' lang='lat' dir='ltr'><strong>de</strong></span> <span class='ocrx_word' id='word_1_71' title='bbox 886 1257 1185 1323; x_wconf 77' lang='lat' dir='ltr'><strong>quotidendusr.c.</strong></span> <span class='ocrx_word' id='word_1_72' title='bbox 1205 1257 1293 1311; x_wconf 89' lang='lat' dir='ltr'><strong>Plato</strong></span> <span class='ocrx_word' id='word_1_73' title='bbox 1391 1291 1392 1320; x_wconf 50' lang='lat'>1</span> 
     </span>
     <span class='ocr_line' id='line_1_10' title="bbox 366 1323 1294 1400; baseline -0.012 -11"><span class='ocrx_word' id='word_1_74' title='bbox 366 1335 588 1400; x_wconf 73' lang='lat' dir='ltr'><strong>Euthpphroue.</strong></span> <span class='ocrx_word' id='word_1_75' title='bbox 621 1326 721 1392; x_wconf 81' lang='lat' dir='ltr'><strong>Longe</strong></span> <span class='ocrx_word' id='word_1_76' title='bbox 746 1323 860 1392; x_wconf 84' lang='lat' dir='ltr'><strong>gravior</strong></span> <span class='ocrx_word' id='word_1_77' title='bbox 884 1326 976 1379; x_wconf 85' lang='lat' dir='ltr'><strong>altero</strong></span> <span class='ocrx_word' id='word_1_78' title='bbox 994 1337 1038 1380; x_wconf 89' lang='lat' dir='ltr'><strong>est</strong></span> <span class='ocrx_word' id='word_1_79' title='bbox 1053 1326 1182 1396; x_wconf 85' lang='lat' dir='ltr'><strong>objectio</strong></span> <span class='ocrx_word' id='word_1_80' title='bbox 1207 1327 1294 1379; x_wconf 88' lang='lat' dir='ltr'><strong>haee-</strong></span> 
     </span>
    </p>

    <p class='ocr_par' dir='ltr' id='par_1_6' title="bbox 291 1393 1294 1537">
     <span class='ocr_line' id='line_1_11' title="bbox 291 1393 1294 1461; baseline -0.009 -4"><span class='ocrx_word' id='word_1_81' title='bbox 291 1435 294 1442; x_wconf 91' lang='lat'>·</span> <span class='ocrx_word' id='word_1_82' title='bbox 367 1421 408 1458; x_wconf 88' lang='lat' dir='ltr'><strong>es.</strong></span> <span class='ocrx_word' id='word_1_83' title='bbox 444 1395 740 1456; x_wconf 80' lang='lat' dir='ltr'><strong>Quaesiverutiteuim</strong></span> <span class='ocrx_word' id='word_1_84' title='bbox 760 1393 813 1448; x_wconf 88' lang='lat' dir='ltr'><strong>viri</strong></span> <span class='ocrx_word' id='word_1_85' title='bbox 833 1394 923 1460; x_wconf 90' lang='lat' dir='ltr'><strong>docti,</strong></span> <span class='ocrx_word' id='word_1_86' title='bbox 949 1396 1087 1461; x_wconf 83' lang='lat' dir='ltr'><strong>quomodo</strong></span> <span class='ocrx_word' id='word_1_87' title='bbox 1106 1397 1175 1448; x_wconf 88' lang='lat' dir='ltr'><strong>haec</strong></span> <span class='ocrx_word' id='word_1_88' title='bbox 1194 1411 1294 1448; x_wconf 88' lang='lat' dir='ltr'><strong>caussa</strong></span> 
     </span>
     <span class='ocr_line' id='line_1_12' title="bbox 364 1463 1294 1537; baseline -0.008 -12"><span class='ocrx_word' id='word_1_89' title='bbox 364 1471 402 1526; x_wconf 88' lang='lat' dir='ltr'><strong>ab</strong></span> <span class='ocrx_word' id='word_1_90' title='bbox 420 1473 570 1537; x_wconf 78' lang='lat' dir='ltr'><strong>Areopago</strong></span> <span class='ocrx_word' id='word_1_91' title='bbox 589 1463 715 1532; x_wconf 87' lang='lat' dir='ltr'><strong>judicari</strong></span> <span class='ocrx_word' id='word_1_92' title='bbox 740 1463 895 1531; x_wconf 89' lang='lat' dir='ltr'><strong>potuisset,</strong></span> <span class='ocrx_word' id='word_1_93' title='bbox 932 1479 1004 1530; x_wconf 89' lang='lat' dir='ltr'><strong>quae</strong></span> <span class='ocrx_word' id='word_1_94' title='bbox 1024 1464 1140 1534; x_wconf 84' lang='lat' dir='ltr'>proprie</span> <span class='ocrx_word' id='word_1_95' title='bbox 1161 1465 1196 1518; x_wconf 86' lang='lat' dir='ltr'><strong>ad</strong></span> <span class='ocrx_word' id='word_1_96' title='bbox 1213 1465 1294 1529; x_wconf 93' lang='lat' dir='ltr'><strong>judi-</strong></span> 
     </span>
    </p>

    <p class='ocr_par' dir='ltr' id='par_1_7' title="bbox 272 1531 1392 1668">
     <span class='ocr_line' id='line_1_13' title="bbox 272 1531 1392 1601; baseline -0.01 -5"><span class='ocrx_word' id='word_1_97' title='bbox 272 1587 276 1596; x_wconf 94' lang='lat'>.</span> <span class='ocrx_word' id='word_1_98' title='bbox 335 1574 338 1582; x_wconf 94' lang='lat'><em>·</em></span> <span class='ocrx_word' id='word_1_99' title='bbox 367 1542 444 1596; x_wconf 80' lang='lat' dir='ltr'><strong>cium</strong></span> <span class='ocrx_word' id='word_1_100' title='bbox 463 1535 495 1591; x_wconf 73' lang='grc' dir='ltr'><strong>τό</strong></span> <span class='ocrx_word' id='word_1_101' title='bbox 520 1535 565 1588; x_wconf 75' lang='grc' dir='ltr'><strong>ἐπὶ</strong></span> <span class='ocrx_word' id='word_1_102' title='bbox 581 1533 709 1600; x_wconf 74' lang='grc' dir='ltr'><strong>Δελφινίῳ</strong></span> <span class='ocrx_word' id='word_1_103' title='bbox 734 1531 929 1601; x_wconf 84' lang='lat' dir='ltr'><strong>pertinuisset.</strong></span> <span class='ocrx_word' id='word_1_104' title='bbox 967 1534 1153 1587; x_wconf 80' lang='lat' dir='ltr'><strong>Demostheni</strong></span> <span class='ocrx_word' id='word_1_105' title='bbox 1179 1534 1294 1600; x_wconf 89' lang='lat' dir='ltr'><strong>quidem</strong></span> <span class='ocrx_word' id='word_1_106' title='bbox 1391 1553 1392 1558; x_wconf 49' lang='lat'>¹</span> 
     </span>
     <span class='ocr_line' id='line_1_14' title="bbox 366 1599 1292 1668; baseline -0.01 -5"><span class='ocrx_word' id='word_1_107' title='bbox 366 1610 447 1664; x_wconf 90' lang='lat' dir='ltr'><strong>illam</strong></span> <span class='ocrx_word' id='word_1_108' title='bbox 467 1621 523 1660; x_wconf 87' lang='lat' dir='ltr'><strong>retu</strong></span> <span class='ocrx_word' id='word_1_109' title='bbox 541 1621 597 1662; x_wconf 84' lang='lat' dir='ltr'><strong>nou</strong></span> <span class='ocrx_word' id='word_1_110' title='bbox 616 1603 708 1658; x_wconf 84' lang='lat' dir='ltr'><strong>luisse</strong></span> <span class='ocrx_word' id='word_1_111' title='bbox 725 1599 877 1654; x_wconf 84' lang='lat' dir='ltr'><strong>offensioni</strong></span> <span class='ocrx_word' id='word_1_112' title='bbox 896 1619 933 1656; x_wconf 82' lang='lat' dir='ltr'><strong>ex</strong></span> <span class='ocrx_word' id='word_1_113' title='bbox 958 1601 994 1654; x_wconf 87' lang='lat' dir='ltr'><strong>ils</strong></span> <span class='ocrx_word' id='word_1_114' title='bbox 1013 1603 1121 1668; x_wconf 88' lang='lat' dir='ltr'><strong>liquet,</strong></span> <span class='ocrx_word' id='word_1_115' title='bbox 1155 1618 1228 1668; x_wconf 86' lang='lat' dir='ltr'><strong>quae</strong></span> <span class='ocrx_word' id='word_1_116' title='bbox 1245 1603 1292 1654; x_wconf 92' lang='lat' dir='ltr'><strong>di-</strong></span> 
     </span>
    </p>

    <p class='ocr_par' dir='ltr' id='par_1_8' title="bbox 309 1669 1293 1801">
     <span class='ocr_line' id='line_1_15' title="bbox 309 1669 1293 1739; baseline -0.003 -13"><span class='ocrx_word' id='word_1_117' title='bbox 309 1718 311 1726; x_wconf 94' lang='lat'><em>.</em></span> <span class='ocrx_word' id='word_1_118' title='bbox 365 1679 411 1734; x_wconf 72' lang='lat' dir='ltr'><strong>xit</strong></span> <span class='ocrx_word' id='word_1_119' title='bbox 429 1675 460 1729; x_wconf 83' lang='lat' dir='ltr'><strong>iri</strong></span> <span class='ocrx_word' id='word_1_120' title='bbox 476 1674 617 1728; x_wconf 82' lang='lat' dir='ltr'><strong>Aristocr.</strong></span> <span class='ocrx_word' id='word_1_121' title='bbox 636 1690 660 1739; x_wconf 93' lang='lat' dir='ltr'><strong>p.</strong></span> <span class='ocrx_word' id='word_1_122' title='bbox 678 1673 737 1724; x_wconf 72' lang='lat'><strong>644.</strong></span> <span class='ocrx_word' id='word_1_123' title='bbox 772 1671 878 1726; x_wconf 89' lang='lat' dir='ltr'><strong>Varias</strong></span> <span class='ocrx_word' id='word_1_124' title='bbox 898 1669 986 1736; x_wconf 76' lang='lat' dir='ltr'><strong>igitur</strong></span> <span class='ocrx_word' id='word_1_125' title='bbox 1005 1671 1128 1725; x_wconf 82' lang='lat' dir='ltr'><strong>rationes</strong></span> <span class='ocrx_word' id='word_1_126' title='bbox 1145 1671 1293 1738; x_wconf 87' lang='lat' dir='ltr'><strong>quaestio·</strong></span> 
     </span>
     <span class='ocr_line' id='line_1_16' title="bbox 365 1738 1293 1801; baseline -0.01 -1"><span class='ocrx_word' id='word_1_127' title='bbox 365 1748 410 1801; x_wconf 88' lang='lat' dir='ltr'><strong>nis</strong></span> <span class='ocrx_word' id='word_1_128' title='bbox 428 1745 580 1799; x_wconf 87' lang='lat' dir='ltr'><strong>solvendae</strong></span> <span class='ocrx_word' id='word_1_129' title='bbox 603 1751 783 1794; x_wconf 79' lang='lat' dir='ltr'><strong>tentaverunt</strong></span> <span class='ocrx_word' id='word_1_130' title='bbox 799 1738 1016 1794; x_wconf 82' lang='lat' dir='ltr'><strong>Perizonius</strong></span> <span class='ocrx_word' id='word_1_131' title='bbox 1041 1742 1075 1793; x_wconf 92' lang='lat' dir='ltr'><strong>ad</strong></span> <span class='ocrx_word' id='word_1_132' title='bbox 1093 1741 1204 1794; x_wconf 85' lang='lat' dir='ltr'><strong>Aeliau.</strong></span> <span class='ocrx_word' id='word_1_133' title='bbox 1223 1741 1293 1796; x_wconf 80' lang='lat' dir='ltr'><strong>Ver.</strong></span> 
     </span>
    </p>

    <p class='ocr_par' dir='ltr' id='par_1_9' title="bbox 283 1808 1392 1944">
     <span class='ocr_line' id='line_1_17' title="bbox 283 1808 1290 1878; baseline 0.005 -20"><span class='ocrx_word' id='word_1_134' title='bbox 283 1848 285 1858; x_wconf 93' lang='lat'><em>.</em></span> <span class='ocrx_word' id='word_1_135' title='bbox 326 1865 328 1870; x_wconf 57' lang='grc'>,</span> <span class='ocrx_word' id='word_1_136' title='bbox 365 1815 442 1868; x_wconf 78' lang='lat' dir='ltr'><strong>fltsr.</strong></span> <span class='ocrx_word' id='word_1_137' title='bbox 469 1811 516 1873; x_wconf 80' lang='lat' dir='ltr'><strong>‚V,</strong></span> <span class='ocrx_word' id='word_1_138' title='bbox 538 1813 567 1864; x_wconf 83' lang='lat'><strong>15</strong></span> <span class='ocrx_word' id='word_1_139' title='bbox 599 1820 629 1862; x_wconf 87' lang='lat' dir='ltr'><strong>et</strong></span> <span class='ocrx_word' id='word_1_140' title='bbox 659 1808 838 1864; x_wconf 75' lang='lat' dir='ltr'><strong>Matthiae</strong></span> <span class='ocrx_word' id='word_1_141' title='bbox 869 1808 889 1863; x_wconf 92' lang='lat' dir='ltr'><strong>l.</strong></span> <span class='ocrx_word' id='word_1_142' title='bbox 922 1826 946 1861; x_wconf 89' lang='lat' dir='ltr'><strong>o.</strong></span> <span class='ocrx_word' id='word_1_143' title='bbox 980 1826 1007 1878; x_wconf 89' lang='lat' dir='ltr'><strong>p.</strong></span> <span class='ocrx_word' id='word_1_144' title='bbox 1028 1811 1091 1875; x_wconf 79' lang='lat' dir='ltr'><strong>tou,</strong></span> <span class='ocrx_word' id='word_1_145' title='bbox 1120 1811 1214 1863; x_wconf 83' lang='lat' dir='ltr'><strong>adnot.</strong></span> <span class='ocrx_word' id='word_1_146' title='bbox 1242 1812 1290 1874; x_wconf 70' lang='lat'><strong>133</strong></span> 
     </span>
     <span class='ocr_line' id='line_1_18' title="bbox 365 1877 1392 1944; baseline -0.012 -6"><span class='ocrx_word' id='word_1_147' title='bbox 365 1877 669 1938; x_wconf 86' lang='lat' dir='ltr'><strong>Schoemauuusl.</strong></span> <span class='ocrx_word' id='word_1_148' title='bbox 688 1894 712 1928; x_wconf 88' lang='lat' dir='ltr'><strong>c.</strong></span> <span class='ocrx_word' id='word_1_149' title='bbox 739 1894 765 1944; x_wconf 83' lang='lat' dir='ltr'><strong>p·</strong></span> <span class='ocrx_word' id='word_1_150' title='bbox 785 1880 817 1932; x_wconf 80' lang='lat' dir='ltr'><strong>l‘l</strong></span> <span class='ocrx_word' id='word_1_151' title='bbox 842 1877 984 1932; x_wconf 84' lang='lat' dir='ltr'><strong>etadnot.</strong></span> <span class='ocrx_word' id='word_1_152' title='bbox 1003 1880 1049 1944; x_wconf 72' lang='lat'><strong>153</strong></span> <span class='ocrx_word' id='word_1_153' title='bbox 1086 1879 1291 1932; x_wconf 79' lang='lat' dir='ltr'>Muellerus</span> <span class='ocrx_word' id='word_1_154' title='bbox 1391 1877 1392 1926; x_wconf 81' lang='grc' dir='ltr'>ἶ</span> 
     </span>
    </p>

    <p class='ocr_par' dir='ltr' id='par_1_10' title="bbox 286 1944 1292 2018">
     <span class='ocr_line' id='line_1_19' title="bbox 286 1944 1292 2018; baseline -0.004 -16"><span class='ocrx_word' id='word_1_155' title='bbox 286 1997 288 2008; x_wconf 78' lang='grc'><strong>,</strong></span> <span class='ocrx_word' id='word_1_156' title='bbox 365 1951 554 2018; x_wconf 76' lang='lat' dir='ltr'><strong>l.c.p.158.</strong></span> <span class='ocrx_word' id='word_1_157' title='bbox 600 1944 786 1999; x_wconf 80' lang='lat' dir='ltr'><strong>Memorabile</strong></span> <span class='ocrx_word' id='word_1_158' title='bbox 808 1955 866 2011; x_wconf 89' lang='lat' dir='ltr'><strong>est,</strong></span> <span class='ocrx_word' id='word_1_159' title='bbox 902 1947 977 2012; x_wconf 85' lang='lat' dir='ltr'><strong>quod</strong></span> <span class='ocrx_word' id='word_1_160' title='bbox 997 1947 1115 2001; x_wconf 85' lang='lat' dir='ltr'><strong>Orestes</strong></span> <span class='ocrx_word' id='word_1_161' title='bbox 1139 1949 1218 2001; x_wconf 86' lang='lat' dir='ltr'><strong>nullo</strong></span> <span class='ocrx_word' id='word_1_162' title='bbox 1237 1947 1292 1999; x_wconf 90' lang='lat' dir='ltr'><strong>hu-</strong></span> 
     </span>
    </p>

    <p class='ocr_par' dir='ltr' id='par_1_11' title="bbox 273 2013 1291 2088">
     <span class='ocr_line' id='line_1_20' title="bbox 273 2013 1291 2088; baseline -0.003 -16"><span class='ocrx_word' id='word_1_163' title='bbox 273 2054 276 2066; x_wconf 80' lang='lat'><strong>·</strong></span> <span class='ocrx_word' id='word_1_164' title='bbox 363 2013 697 2088; x_wconf 69' lang='lat' dir='ltr'><strong>lassabulaelocoait,</strong></span> <span class='ocrx_word' id='word_1_165' title='bbox 733 2030 764 2066; x_wconf 87' lang='lat' dir='ltr'><strong>se</strong></span> <span class='ocrx_word' id='word_1_166' title='bbox 786 2014 851 2078; x_wconf 80' lang='lat' dir='ltr'><strong>jure</strong></span> <span class='ocrx_word' id='word_1_167' title='bbox 869 2025 981 2068; x_wconf 88' lang='lat' dir='ltr'><strong>matrem</strong></span> <span class='ocrx_word' id='word_1_168' title='bbox 1007 2015 1202 2082; x_wconf 79' lang='lat' dir='ltr'><strong>interfecisse,</strong></span> <span class='ocrx_word' id='word_1_169' title='bbox 1238 2017 1291 2069; x_wconf 91' lang='lat' dir='ltr'><strong>sed</strong></span> 
     </span>
    </p>

    <p class='ocr_par' dir='ltr' id='par_1_12' title="bbox 272 2081 1291 2155">
     <span class='ocr_line' id='line_1_21' title="bbox 272 2081 1291 2155; baseline -0.003 -14"><span class='ocrx_word' id='word_1_170' title='bbox 272 2135 278 2148; x_wconf 84' lang='lat'><strong>,</strong></span> <span class='ocrx_word' id='word_1_171' title='bbox 365 2086 601 2155; x_wconf 85' lang='lat' dir='ltr'><strong>disceptationem</strong></span> <span class='ocrx_word' id='word_1_172' title='bbox 626 2083 667 2142; x_wconf 45' lang='lat' dir='ltr'><strong>de,</strong></span> <span class='ocrx_word' id='word_1_173' title='bbox 686 2081 798 2147; x_wconf 75' lang='lat' dir='ltr'><strong>Justitia</strong></span> <span class='ocrx_word' id='word_1_174' title='bbox 821 2082 866 2136; x_wconf 79' lang='lat' dir='ltr'><strong>rel</strong></span> <span class='ocrx_word' id='word_1_175' title='bbox 895 2083 1035 2150; x_wconf 87' lang='lat' dir='ltr'><strong>injustitia</strong></span> <span class='ocrx_word' id='word_1_176' title='bbox 1052 2087 1147 2139; x_wconf 87' lang='lat' dir='ltr'><strong>caedis</strong></span> <span class='ocrx_word' id='word_1_177' title='bbox 1171 2084 1291 2154; x_wconf 86' lang='lat' dir='ltr'><strong>abipso</strong></span> 
     </span>
    </p>

    <p class='ocr_par' dir='ltr' id='par_1_13' title="bbox 319 2151 1392 2291">
     <span class='ocr_line' id='line_1_22' title="bbox 319 2151 1291 2227; baseline -0.004 -17"><span class='ocrx_word' id='word_1_178' title='bbox 319 2221 322 2227; x_wconf 31' lang='grc' dir='ltr'>Ι</span> <span class='ocrx_word' id='word_1_179' title='bbox 358 2200 361 2208; x_wconf 94' lang='grc'><em>.</em></span> <span class='ocrx_word' id='word_1_180' title='bbox 387 2167 548 2226; x_wconf 84' lang='lat' dir='ltr'><strong>erpetratae</strong></span> <span class='ocrx_word' id='word_1_181' title='bbox 566 2164 649 2206; x_wconf 89' lang='lat' dir='ltr'><strong>totam</strong></span> <span class='ocrx_word' id='word_1_182' title='bbox 668 2151 814 2205; x_wconf 86' lang='lat' dir='ltr'><strong>lllliuervae</strong></span> <span class='ocrx_word' id='word_1_183' title='bbox 834 2151 970 2219; x_wconf 85' lang='lat' dir='ltr'><strong>relinquit</strong></span> <span class='ocrx_word' id='word_1_184' title='bbox 989 2154 1107 2218; x_wconf 71' lang='lat' dir='ltr'><strong>vetto,</strong></span> <span class='ocrx_word' id='word_1_185' title='bbox 1127 2171 1291 2222; x_wconf 86' lang='lat' dir='ltr'><strong>quamquam</strong></span> 
     </span>
     <span class='ocr_line' id='line_1_23' title="bbox 334 2220 1392 2291; baseline 0.008 -19"><span class='ocrx_word' id='word_1_186' title='bbox 334 2265 336 2272; x_wconf 84' lang='lat'>.</span> <span class='ocrx_word' id='word_1_187' title='bbox 369 2220 923 2287; x_wconf 73' lang='lat' dir='ltr'><strong>triturans-sactrcboepb.vs.1023.</strong></span> <span class='ocrx_word' id='word_1_188' title='bbox 959 2221 1292 2291; x_wconf 84' lang='lat' dir='ltr'><strong>Simillimaecujusdam</strong></span> <span class='ocrx_word' id='word_1_189' title='bbox 1391 2269 1392 2280; x_wconf 65' lang='grc'>,</span> 
     </span>
    </p>

    <p class='ocr_par' dir='ltr' id='par_1_14' title="bbox 298 2289 1392 2498">
     <span class='ocr_line' id='line_1_24' title="bbox 298 2289 1392 2362; baseline -0.001 -16"><span class='ocrx_word' id='word_1_190' title='bbox 298 2321 301 2346; x_wconf 86' lang='grc'>;</span> <span class='ocrx_word' id='word_1_191' title='bbox 370 2309 487 2350; x_wconf 84' lang='lat' dir='ltr'><strong>caussae</strong></span> <span class='ocrx_word' id='word_1_192' title='bbox 504 2291 537 2342; x_wconf 88' lang='lat' dir='ltr'><strong>ad</strong></span> <span class='ocrx_word' id='word_1_193' title='bbox 556 2289 735 2362; x_wconf 72' lang='lat' dir='ltr'><strong>Areopagum</strong></span> <span class='ocrx_word' id='word_1_194' title='bbox 755 2289 862 2342; x_wconf 80' lang='lat' dir='ltr'><strong>relatae</strong></span> <span class='ocrx_word' id='word_1_195' title='bbox 881 2293 1056 2359; x_wconf 80' lang='lat' dir='ltr'><strong>exemplum,</strong></span> <span class='ocrx_word' id='word_1_196' title='bbox 1076 2293 1124 2344; x_wconf 89' lang='lat' dir='ltr'><strong>sed</strong></span> <span class='ocrx_word' id='word_1_197' title='bbox 1145 2311 1161 2346; x_wconf 90' lang='lat' dir='ltr'><strong>e</strong></span> <span class='ocrx_word' id='word_1_198' title='bbox 1181 2306 1291 2360; x_wconf 90' lang='lat' dir='ltr'><strong>tempo·</strong></span> <span class='ocrx_word' id='word_1_199' title='bbox 1391 2291 1392 2296; x_wconf 71' lang='grc'>’</span> 
     </span>
     <span class='ocr_line' id='line_1_25' title="bbox 365 2355 1392 2427; baseline -0.004 -11"><span class='ocrx_word' id='word_1_200' title='bbox 365 2359 592 2420; x_wconf 57' lang='grc' dir='ltr'><strong>ῑὶᾶιιεηᾱοωίηἰί</strong></span> <span class='ocrx_word' id='word_1_201' title='bbox 611 2359 729 2412; x_wconf 87' lang='lat' dir='ltr'><strong>Romani</strong></span> <span class='ocrx_word' id='word_1_202' title='bbox 755 2357 920 2427; x_wconf 83' lang='lat' dir='ltr'><strong>repetitum,</strong></span> <span class='ocrx_word' id='word_1_203' title='bbox 951 2363 1069 2426; x_wconf 87' lang='lat' dir='ltr'><strong>praebet</strong></span> <span class='ocrx_word' id='word_1_204' title='bbox 1087 2361 1202 2414; x_wconf 85' lang='lat' dir='ltr'><strong>Gellius</strong></span> <span class='ocrx_word' id='word_1_205' title='bbox 1219 2362 1291 2427; x_wconf 85' lang='grc' dir='ltr'><strong>ΧΠ,</strong></span> <span class='ocrx_word' id='word_1_206' title='bbox 1391 2355 1392 2400; x_wconf 63' lang='lat' dir='ltr'><strong>i</strong></span> 
     </span>
     <span class='ocr_line' id='line_1_26' title="bbox 365 2427 1291 2498; baseline 0 -14"><span class='ocrx_word' id='word_1_207' title='bbox 365 2435 390 2486; x_wconf 83' lang='lat' dir='ltr'><strong>l.</strong></span> <span class='ocrx_word' id='word_1_208' title='bbox 404 2458 436 2472; x_wconf 78' lang='lat'><strong>-·-</strong></span> <span class='ocrx_word' id='word_1_209' title='bbox 472 2427 614 2484; x_wconf 75' lang='lat' dir='ltr'><strong>iudicium</strong></span> <span class='ocrx_word' id='word_1_210' title='bbox 632 2428 684 2482; x_wconf 90' lang='lat' dir='ltr'><strong>sub</strong></span> <span class='ocrx_word' id='word_1_211' title='bbox 702 2427 752 2480; x_wconf 87' lang='lat' dir='ltr'><strong>dio</strong></span> <span class='ocrx_word' id='word_1_212' title='bbox 770 2439 937 2492; x_wconf 82' lang='lat' dir='ltr'><strong>exercetur,</strong></span> <span class='ocrx_word' id='word_1_213' title='bbox 956 2438 985 2481; x_wconf 92' lang='lat' dir='ltr'><strong>ut</strong></span> <span class='ocrx_word' id='word_1_214' title='bbox 999 2429 1135 2484; x_wconf 78' lang='lat' dir='ltr'><strong>¹solebant</strong></span> <span class='ocrx_word' id='word_1_215' title='bbox 1152 2435 1198 2494; x_wconf 84' lang='lat' dir='ltr'><strong>eit,</strong></span> <span class='ocrx_word' id='word_1_216' title='bbox 1218 2448 1291 2498; x_wconf 87' lang='lat' dir='ltr'><strong>quae</strong></span> 
     </span>
    </p>

    <p class='ocr_par' dir='ltr' id='par_1_15' title="bbox 316 2495 1292 2638">
     <span class='ocr_line' id='line_1_27' title="bbox 316 2495 1291 2566; baseline -0.002 -10"><span class='ocrx_word' id='word_1_217' title='bbox 316 2499 321 2507; x_wconf 82' lang='lat'>&#39;</span> <span class='ocrx_word' id='word_1_218' title='bbox 364 2501 617 2562; x_wconf 82' lang='lat' dir='ltr'><strong>decaedeerant,</strong></span> <span class='ocrx_word' id='word_1_219' title='bbox 653 2495 702 2550; x_wconf 87' lang='lat' dir='ltr'><strong>sed</strong></span> <span class='ocrx_word' id='word_1_220' title='bbox 722 2495 822 2548; x_wconf 91' lang='lat' dir='ltr'><strong>ooniu</strong></span> <span class='ocrx_word' id='word_1_221' title='bbox 848 2496 911 2564; x_wconf 90' lang='lat' dir='ltr'><strong>ipso</strong></span> <span class='ocrx_word' id='word_1_222' title='bbox 930 2500 1089 2566; x_wconf 80' lang='lat' dir='ltr'><strong>Areopago.</strong></span> <span class='ocrx_word' id='word_1_223' title='bbox 1134 2500 1291 2555; x_wconf 76' lang='lat' dir='ltr'><strong>Quaesiss-</strong></span> 
     </span>
     <span class='ocr_line' id='line_1_28' title="bbox 350 2565 1292 2638; baseline 0 -14"><span class='ocrx_word' id='word_1_224' title='bbox 350 2567 547 2634; x_wconf 66' lang='lat' dir='ltr'><strong>,rit‹aliquis,</strong></span> <span class='ocrx_word' id='word_1_225' title='bbox 563 2603 565 2610; x_wconf 87' lang='lat'>·</span> <span class='ocrx_word' id='word_1_226' title='bbox 584 2566 706 2620; x_wconf 87' lang='lat' dir='ltr'><strong>liceatne</strong></span> <span class='ocrx_word' id='word_1_227' title='bbox 725 2565 772 2628; x_wconf 90' lang='lat' dir='ltr'><strong>id,</strong></span> <span class='ocrx_word' id='word_1_228' title='bbox 801 2567 876 2630; x_wconf 84' lang='lat' dir='ltr'><strong>quod</strong></span> <span class='ocrx_word' id='word_1_229' title='bbox 897 2567 1085 2636; x_wconf 80' lang='lat' dir='ltr'><strong>Areopagitae</strong></span> <span class='ocrx_word' id='word_1_230' title='bbox 1102 2569 1137 2622; x_wconf 90' lang='lat' dir='ltr'><strong>ad</strong></span> <span class='ocrx_word' id='word_1_231' title='bbox 1158 2570 1292 2638; x_wconf 89' lang='lat' dir='ltr'><strong>templum</strong></span> 
     </span>
    </p>

    <p class='ocr_par' dir='ltr' id='par_1_16' title="bbox 288 2633 1292 2710">
     <span class='ocr_line' id='line_1_29' title="bbox 288 2633 1292 2710; baseline 0.003 -20"><span class='ocrx_word' id='word_1_232' title='bbox 288 2679 292 2690; x_wconf 92' lang='lat'>.</span> <span class='ocrx_word' id='word_1_233' title='bbox 314 2683 318 2694; x_wconf 89' lang='grc'><em>,</em></span> <span class='ocrx_word' id='word_1_234' title='bbox 349 2637 528 2700; x_wconf 71' lang='lat' dir='ltr'><strong>Minervae,</strong></span> <span class='ocrx_word' id='word_1_235' title='bbox 562 2634 590 2687; x_wconf 92' lang='lat' dir='ltr'><strong>iu</strong></span> <span class='ocrx_word' id='word_1_236' title='bbox 612 2636 663 2688; x_wconf 84' lang='lat' dir='ltr'><strong>hae</strong></span> <span class='ocrx_word' id='word_1_237' title='bbox 681 2649 780 2687; x_wconf 87' lang='lat' dir='ltr'><strong>caussa</strong></span> <span class='ocrx_word' id='word_1_238' title='bbox 803 2633 947 2688; x_wconf 83' lang='lat' dir='ltr'><strong>archontis</strong></span> <span class='ocrx_word' id='word_1_239' title='bbox 967 2638 1043 2703; x_wconf 82' lang='lat' dir='ltr'><strong>regis</strong></span> <span class='ocrx_word' id='word_1_240' title='bbox 1061 2637 1150 2690; x_wconf 80' lang='lat' dir='ltr'><strong>ricem</strong></span> <span class='ocrx_word' id='word_1_241' title='bbox 1169 2639 1292 2710; x_wconf 84' lang='lat' dir='ltr'><strong>implen-</strong></span> 
     </span>
    </p>

    <p class='ocr_par' dir='ltr' id='par_1_17' title="bbox 293 2704 1293 2914">
     <span class='ocr_line' id='line_1_30' title="bbox 293 2704 1293 2774; baseline -0.001 -13"><span class='ocrx_word' id='word_1_242' title='bbox 293 2717 324 2760; x_wconf 85' lang='grc'><strong>’..</strong></span> <span class='ocrx_word' id='word_1_243' title='bbox 347 2707 430 2768; x_wconf 42' lang='lat' dir='ltr'><strong>stis„</strong></span> <span class='ocrx_word' id='word_1_244' title='bbox 442 2705 556 2770; x_wconf 85' lang='lat' dir='ltr'><strong>judices</strong></span> <span class='ocrx_word' id='word_1_245' title='bbox 574 2704 687 2768; x_wconf 87' lang='lat' dir='ltr'><strong>sedeat,</strong></span> <span class='ocrx_word' id='word_1_246' title='bbox 714 2719 775 2756; x_wconf 86' lang='lat' dir='ltr'><strong>cnm</strong></span> <span class='ocrx_word' id='word_1_247' title='bbox 794 2720 828 2755; x_wconf 94' lang='lat' dir='ltr'><strong>eo</strong></span> <span class='ocrx_word' id='word_1_248' title='bbox 846 2719 1025 2771; x_wconf 78' lang='lat' dir='ltr'><strong>comparere,</strong></span> <span class='ocrx_word' id='word_1_249' title='bbox 1045 2707 1119 2774; x_wconf 87' lang='lat' dir='ltr'><strong>quod</strong></span> <span class='ocrx_word' id='word_1_250' title='bbox 1138 2707 1187 2760; x_wconf 91' lang='lat' dir='ltr'><strong>illi</strong></span> <span class='ocrx_word' id='word_1_251' title='bbox 1206 2708 1293 2763; x_wconf 87' lang='lat' dir='ltr'><strong>etiam</strong></span> 
     </span>
     <span class='ocr_line' id='line_1_31' title="bbox 352 2773 1293 2845; baseline 0.004 -17"><span class='ocrx_word' id='word_1_252' title='bbox 352 2791 466 2830; x_wconf 83' lang='lat' dir='ltr'><strong>.rerera</strong></span> <span class='ocrx_word' id='word_1_253' title='bbox 492 2790 547 2829; x_wconf 89' lang='lat' dir='ltr'><strong>nou</strong></span> <span class='ocrx_word' id='word_1_254' title='bbox 565 2773 655 2826; x_wconf 87' lang='lat' dir='ltr'><strong>solunt</strong></span> <span class='ocrx_word' id='word_1_255' title='bbox 680 2773 877 2841; x_wconf 46' lang='lat' dir='ltr'><strong>iutAreopago</strong></span> <span class='ocrx_word' id='word_1_256' title='bbox 902 2775 1099 2828; x_wconf 87' lang='lat' dir='ltr'><strong>verumetiam</strong></span> <span class='ocrx_word' id='word_1_257' title='bbox 1121 2776 1149 2828; x_wconf 91' lang='lat' dir='ltr'><strong>iu</strong></span> <span class='ocrx_word' id='word_1_258' title='bbox 1176 2779 1293 2845; x_wconf 91' lang='lat' dir='ltr'><strong>porticu</strong></span> 
     </span>
     <span class='ocr_line' id='line_1_32' title="bbox 365 2841 1293 2914; baseline 0.003 -16"><span class='ocrx_word' id='word_1_259' title='bbox 365 2843 446 2912; x_wconf 85' lang='lat' dir='ltr'><strong>regia</strong></span> <span class='ocrx_word' id='word_1_260' title='bbox 465 2841 677 2898; x_wconf 74' lang='lat' dir='ltr'><strong>conveniebant.</strong></span> <span class='ocrx_word' id='word_1_261' title='bbox 722 2841 908 2907; x_wconf 74' lang='lat' dir='ltr'><strong>Coniectura,</strong></span> <span class='ocrx_word' id='word_1_262' title='bbox 933 2843 1052 2909; x_wconf 89' lang='lat' dir='ltr'><strong>opinor,</strong></span> <span class='ocrx_word' id='word_1_263' title='bbox 1080 2861 1134 2898; x_wconf 89' lang='lat' dir='ltr'><strong>nort</strong></span> <span class='ocrx_word' id='word_1_264' title='bbox 1153 2861 1293 2914; x_wconf 86' lang='lat' dir='ltr'><strong>spernen-</strong></span> 
     </span>
    </p>

    <p class='ocr_par' dir='ltr' id='par_1_18' title="bbox 277 2907 1293 3044">
     <span class='ocr_line' id='line_1_33' title="bbox 277 2907 1293 2984; baseline 0.007 -23"><span class='ocrx_word' id='word_1_265' title='bbox 277 2950 281 2961; x_wconf 88' lang='lat'>.</span> <span class='ocrx_word' id='word_1_266' title='bbox 320 2947 333 2961; x_wconf 93' lang='lat'><strong>..</strong></span> <span class='ocrx_word' id='word_1_267' title='bbox 365 2907 415 2975; x_wconf 73' lang='lat' dir='ltr'><strong>de,</strong></span> <span class='ocrx_word' id='word_1_268' title='bbox 439 2912 523 2964; x_wconf 82' lang='lat' dir='ltr'><strong>modo</strong></span> <span class='ocrx_word' id='word_1_269' title='bbox 540 2921 648 2964; x_wconf 87' lang='lat' dir='ltr'><strong>certum</strong></span> <span class='ocrx_word' id='word_1_270' title='bbox 667 2907 719 2976; x_wconf 90' lang='lat' dir='ltr'><strong>sit,</strong></span> <span class='ocrx_word' id='word_1_271' title='bbox 744 2911 798 2962; x_wconf 83' lang='lat' dir='ltr'><strong>boc</strong></span> <span class='ocrx_word' id='word_1_272' title='bbox 816 2911 934 2964; x_wconf 89' lang='lat' dir='ltr'><strong>alterum</strong></span> <span class='ocrx_word' id='word_1_273' title='bbox 950 2915 1005 2977; x_wconf 77' lang='lat' dir='ltr'><strong>J&#39;am</strong></span> <span class='ocrx_word' id='word_1_274' title='bbox 1022 2914 1161 2984; x_wconf 82' lang='lat' dir='ltr'><strong>Aeschyli</strong></span> <span class='ocrx_word' id='word_1_275' title='bbox 1181 2926 1293 2984; x_wconf 86' lang='lat' dir='ltr'><strong>tempo-</strong></span> 
     </span>
     <span class='ocr_line' id='line_1_34' title="bbox 357 2978 1293 3044; baseline 0.004 -8"><span class='ocrx_word' id='word_1_276' title='bbox 357 2978 445 3036; x_wconf 75' lang='lat' dir='ltr'><strong>ribus</strong></span> <span class='ocrx_word' id='word_1_277' title='bbox 472 2980 649 3044; x_wconf 81' lang='lat' dir='ltr'><strong>obtinuisse,</strong></span> <span class='ocrx_word' id='word_1_278' title='bbox 683 2979 895 3044; x_wconf 73' lang='lat' dir='ltr'><strong>qurum-demum</strong></span> <span class='ocrx_word' id='word_1_279' title='bbox 919 2981 954 3034; x_wconf 92' lang='lat' dir='ltr'><strong>de</strong></span> <span class='ocrx_word' id='word_1_280' title='bbox 978 2993 1069 3035; x_wconf 87' lang='lat' dir='ltr'><strong>aetate</strong></span> <span class='ocrx_word' id='word_1_281' title='bbox 1087 2978 1293 3040; x_wconf 82' lang='lat' dir='ltr'><strong>Demosthenis</strong></span> 
     </span>
    </p>
   </div>
   <div class='ocr_carea' id='block_1_2' title="bbox 289 3047 1293 3446">
    <p class='ocr_par' dir='ltr' id='par_1_19' title="bbox 363 3047 1293 3130">
     <span class='ocr_line' id='line_1_35' title="bbox 363 3047 1293 3130; baseline 0.003 -24"><span class='ocrx_word' id='word_1_282' title='bbox 363 3061 474 3106; x_wconf 90' lang='lat' dir='ltr'><strong>constet</strong></span> <span class='ocrx_word' id='word_1_283' title='bbox 498 3065 513 3102; x_wconf 91' lang='lat' dir='ltr'><strong>e</strong></span> <span class='ocrx_word' id='word_1_284' title='bbox 541 3049 605 3104; x_wconf 91' lang='lat' dir='ltr'><strong>loco</strong></span> <span class='ocrx_word' id='word_1_285' title='bbox 630 3049 820 3126; x_wconf 79' lang='lat' dir='ltr'><strong>superius-p.</strong></span> <span class='ocrx_word' id='word_1_286' title='bbox 840 3047 952 3102; x_wconf 87' lang='lat' dir='ltr'><strong>XCVll</strong></span> <span class='ocrx_word' id='word_1_287' title='bbox 980 3051 1137 3130; x_wconf 84' lang='lat' dir='ltr'><strong>exscripto.</strong></span> <span class='ocrx_word' id='word_1_288' title='bbox 1190 3051 1221 3106; x_wconf 88' lang='lat' dir='ltr'><strong>Si</strong></span> <span class='ocrx_word' id='word_1_289' title='bbox 1249 3055 1293 3109; x_wconf 86' lang='lat' dir='ltr'><strong>ita</strong></span> 
     </span>
    </p>

    <p class='ocr_par' dir='ltr' id='par_1_20' title="bbox 274 3116 1293 3446">
     <span class='ocr_line' id='line_1_36' title="bbox 289 3116 1292 3182; baseline 0.006 -10"><span class='ocrx_word' id='word_1_290' title='bbox 289 3151 294 3180; x_wconf 65' lang='lat'>2</span> <span class='ocrx_word' id='word_1_291' title='bbox 362 3120 480 3182; x_wconf 81' lang='lat' dir='ltr'><strong>luerit,¹</strong></span> <span class='ocrx_word' id='word_1_292' title='bbox 502 3128 593 3172; x_wconf 84' lang='lat' dir='ltr'><strong>tamen</strong></span> <span class='ocrx_word' id='word_1_293' title='bbox 620 3117 690 3170; x_wconf 78' lang='lat' dir='ltr'><strong>boec</strong></span> <span class='ocrx_word' id='word_1_294' title='bbox 712 3116 917 3172; x_wconf 36' lang='lat' dir='ltr'><strong>rsttoomioime</strong></span> <span class='ocrx_word' id='word_1_295' title='bbox 941 3121 1009 3173; x_wconf 83' lang='lat' dir='ltr'><strong>sola</strong></span> <span class='ocrx_word' id='word_1_296' title='bbox 1024 3121 1136 3174; x_wconf 82' lang='lat' dir='ltr'><strong>sufficit</strong></span> <span class='ocrx_word' id='word_1_297' title='bbox 1154 3122 1187 3175; x_wconf 92' lang='lat' dir='ltr'><strong>ad</strong></span> <span class='ocrx_word' id='word_1_298' title='bbox 1207 3121 1292 3178; x_wconf 90' lang='lat' dir='ltr'><strong>illurn</strong></span> 
     </span>
     <span class='ocr_line' id='line_1_37' title="bbox 317 3183 1293 3254; baseline -0.011 -8.464"><span class='ocrx_word' id='word_1_299' title='bbox 317 3219 338 3230; x_wconf 89' lang='lat'><strong>··</strong></span> <span class='ocrx_word' id='word_1_300' title='bbox 364 3188 421 3245; x_wconf 87' lang='lat' dir='ltr'><strong>loci</strong></span> <span class='ocrx_word' id='word_1_301' title='bbox 436 3183 579 3252; x_wconf 48' lang='lat' dir='ltr'><strong>‚delectum</strong></span> <span class='ocrx_word' id='word_1_302' title='bbox 598 3185 811 3254; x_wconf 72' lang='lat' dir='ltr'><strong>explicandum,</strong></span> <span class='ocrx_word' id='word_1_303' title='bbox 830 3203 910 3252; x_wconf 85' lang='lat' dir='ltr'><strong>quam</strong></span> <span class='ocrx_word' id='word_1_304' title='bbox 928 3189 966 3245; x_wconf 88' lang='lat' dir='ltr'><strong>ob</strong></span> <span class='ocrx_word' id='word_1_305' title='bbox 985 3204 1109 3242; x_wconf 87' lang='lat' dir='ltr'><strong>caussam</strong></span> <span class='ocrx_word' id='word_1_306' title='bbox 1128 3206 1179 3243; x_wconf 88' lang='lat' dir='ltr'><strong>nec</strong></span> <span class='ocrx_word' id='word_1_307' title='bbox 1199 3192 1293 3246; x_wconf 86' lang='lat' dir='ltr'><strong>vicis.</strong></span> 
     </span>
     <span class='ocr_line' id='line_1_38' title="bbox 364 3255 1292 3326; baseline 0.007 -15.608"><span class='ocrx_word' id='word_1_308' title='bbox 364 3258 418 3310; x_wconf 89' lang='lat' dir='ltr'><strong>sim</strong></span> <span class='ocrx_word' id='word_1_309' title='bbox 436 3272 537 3314; x_wconf 85' lang='lat' dir='ltr'><strong>meram</strong></span> <span class='ocrx_word' id='word_1_310' title='bbox 564 3255 643 3308; x_wconf 88' lang='lat' dir='ltr'><strong>illam</strong></span> <span class='ocrx_word' id='word_1_311' title='bbox 669 3257 857 3320; x_wconf 83' lang='lat' dir='ltr'><strong>conjecturam</strong></span> <span class='ocrx_word' id='word_1_312' title='bbox 883 3258 1033 3312; x_wconf 88' lang='lat' dir='ltr'><strong>temerarie</strong></span> <span class='ocrx_word' id='word_1_313' title='bbox 1061 3271 1231 3326; x_wconf 76' lang='lat' dir='ltr'><strong>praetexens</strong></span> <span class='ocrx_word' id='word_1_314' title='bbox 1250 3279 1292 3316; x_wconf 87' lang='lat' dir='ltr'><strong>ex</strong></span> 
     </span>
     <span class='ocr_line' id='line_1_39' title="bbox 304 3323 1291 3446; baseline 0.005 -66"><span class='ocrx_word' id='word_1_315' title='bbox 304 3376 313 3384; x_wconf 81' lang='lat'><strong>..</strong></span> <span class='ocrx_word' id='word_1_316' title='bbox 363 3345 413 3390; x_wconf 90' lang='lat' dir='ltr'><strong>eo,</strong></span> <span class='ocrx_word' id='word_1_317' title='bbox 432 3325 506 3392; x_wconf 86' lang='lat' dir='ltr'><strong>quod</strong></span> <span class='ocrx_word' id='word_1_318' title='bbox 525 3325 561 3376; x_wconf 84' lang='lat' dir='ltr'><strong>ab</strong></span> <span class='ocrx_word' id='word_1_319' title='bbox 577 3323 723 3446; x_wconf 47' lang='lat' dir='ltr'><strong>Aescbflo</strong></span> <span class='ocrx_word' id='word_1_320' title='bbox 739 3324 777 3378; x_wconf 88' lang='lat' dir='ltr'><strong>ad</strong></span> <span class='ocrx_word' id='word_1_321' title='bbox 795 3325 1013 3380; x_wconf 87' lang='lat' dir='ltr'><strong>similitudinem</strong></span> <span class='ocrx_word' id='word_1_322' title='bbox 1032 3325 1125 3382; x_wconf 87' lang='lat' dir='ltr'><strong>fictum</strong></span> <span class='ocrx_word' id='word_1_323' title='bbox 1145 3327 1199 3394; x_wconf 87' lang='lat' dir='ltr'><strong>sit,</strong></span> <span class='ocrx_word' id='word_1_324' title='bbox 1219 3348 1291 3385; x_wconf 88' lang='lat' dir='ltr'><strong>cou-</strong></span> 
     </span>
    </p>
   </div>
   <div class='ocr_carea' id='block_1_3' title="bbox 276 3390 1392 4164">
    <p class='ocr_par' dir='ltr' id='par_1_21' title="bbox 276 3390 1291 4010">
     <span class='ocr_line' id='line_1_40' title="bbox 353 3390 1290 3457; baseline 0.002 -6"><span class='ocrx_word' id='word_1_325' title='bbox 353 3395 511 3456; x_wconf 73' lang='lat' dir='ltr'><strong>elusum,</strong></span> <span class='ocrx_word' id='word_1_326' title='bbox 542 3390 700 3456; x_wconf 79' lang='lat' dir='ltr'><strong>uerisimie</strong></span> <span class='ocrx_word' id='word_1_327' title='bbox 719 3408 797 3457; x_wconf 86' lang='lat' dir='ltr'><strong>esse,</strong></span> <span class='ocrx_word' id='word_1_328' title='bbox 827 3404 858 3448; x_wconf 94' lang='lat' dir='ltr'><strong>ut</strong></span> <span class='ocrx_word' id='word_1_329' title='bbox 877 3395 1031 3450; x_wconf 80' lang='lat' dir='ltr'><strong>iteluerit.</strong></span> <span class='ocrx_word' id='word_1_330' title='bbox 1067 3397 1147 3452; x_wconf 77' lang='lat' dir='ltr'><strong>Quod</strong></span> <span class='ocrx_word' id='word_1_331' title='bbox 1167 3399 1217 3452; x_wconf 81' lang='lat' dir='ltr'><strong>Vs.</strong></span> <span class='ocrx_word' id='word_1_332' title='bbox 1235 3401 1290 3454; x_wconf 77' lang='lat'><strong>655</strong></span> 
     </span>
     <span class='ocr_line' id='line_1_41' title="bbox 359 3461 1290 3534; baseline 0.005 -17"><span class='ocrx_word' id='word_1_333' title='bbox 359 3480 428 3531; x_wconf 66' lang='lat' dir='ltr'><strong>squ·</strong></span> <span class='ocrx_word' id='word_1_334' title='bbox 452 3464 530 3517; x_wconf 89' lang='lat' dir='ltr'><strong>solus</strong></span> <span class='ocrx_word' id='word_1_335' title='bbox 556 3465 722 3530; x_wconf 86' lang='lat' dir='ltr'><strong>Areopagus</strong></span> <span class='ocrx_word' id='word_1_336' title='bbox 750 3461 917 3530; x_wconf 82' lang='lat' dir='ltr'><strong>designatur</strong></span> <span class='ocrx_word' id='word_1_337' title='bbox 943 3473 1072 3531; x_wconf 87' lang='lat' dir='ltr'><strong>tanquam</strong></span> <span class='ocrx_word' id='word_1_338' title='bbox 1103 3467 1199 3534; x_wconf 87' lang='lat' dir='ltr'><strong>locus,</strong></span> <span class='ocrx_word' id='word_1_339' title='bbox 1236 3469 1290 3522; x_wconf 92' lang='lat' dir='ltr'><strong>ubi</strong></span> 
     </span>
     <span class='ocr_line' id='line_1_42' title="bbox 360 3531 1291 3602; baseline 0.004 -14"><span class='ocrx_word' id='word_1_340' title='bbox 360 3533 443 3589; x_wconf 85' lang='lat' dir='ltr'><strong>curia</strong></span> <span class='ocrx_word' id='word_1_341' title='bbox 459 3531 662 3602; x_wconf 82' lang='lat' dir='ltr'><strong>Areopagitica</strong></span> <span class='ocrx_word' id='word_1_342' title='bbox 679 3531 716 3584; x_wconf 68' lang='lat' dir='ltr'><strong>,in</strong></span> <span class='ocrx_word' id='word_1_343' title='bbox 741 3539 883 3599; x_wconf 85' lang='lat' dir='ltr'><strong>posterum</strong></span> <span class='ocrx_word' id='word_1_344' title='bbox 905 3546 1118 3600; x_wconf 74' lang='lat' dir='ltr'><strong>congregatura·</strong></span> <span class='ocrx_word' id='word_1_345' title='bbox 1129 3535 1192 3598; x_wconf 82' lang='lat' dir='ltr'><strong>sit,¹</strong></span> <span class='ocrx_word' id='word_1_346' title='bbox 1219 3552 1291 3592; x_wconf 88' lang='lat' dir='ltr'><strong>saue</strong></span> 
     </span>
     <span class='ocr_line' id='line_1_43' title="bbox 277 3599 1291 3672; baseline 0.004 -15"><span class='ocrx_word' id='word_1_347' title='bbox 277 3609 289 3642; x_wconf 43' lang='grc' dir='ltr'><strong>’ν</strong></span> <span class='ocrx_word' id='word_1_348' title='bbox 342 3601 507 3668; x_wconf 69' lang='grc' dir='ltr'><strong>·οζοᾶιιοᾷι,</strong></span> <span class='ocrx_word' id='word_1_349' title='bbox 544 3613 574 3654; x_wconf 92' lang='lat' dir='ltr'><strong>ut</strong></span> <span class='ocrx_word' id='word_1_350' title='bbox 593 3599 675 3652; x_wconf 85' lang='lat' dir='ltr'><strong>illius</strong></span> <span class='ocrx_word' id='word_1_351' title='bbox 702 3600 877 3669; x_wconf 83' lang='lat' dir='ltr'><strong>temporibus</strong></span> <span class='ocrx_word' id='word_1_352' title='bbox 896 3601 1034 3672; x_wconf 83' lang='lat' dir='ltr'><strong>Aeschyli</strong></span> <span class='ocrx_word' id='word_1_353' title='bbox 1060 3605 1204 3658; x_wconf 85' lang='lat' dir='ltr'><strong>nullodum</strong></span> <span class='ocrx_word' id='word_1_354' title='bbox 1229 3608 1291 3660; x_wconf 91' lang='lat' dir='ltr'><strong>alia</strong></span> 
     </span>
     <span class='ocr_line' id='line_1_44' title="bbox 276 3667 1290 3740; baseline 0 -12"><span class='ocrx_word' id='word_1_355' title='bbox 276 3721 279 3728; x_wconf 79' lang='grc'>,</span> <span class='ocrx_word' id='word_1_356' title='bbox 356 3667 682 3740; x_wconf 71' lang='lat' dir='ltr'><strong>justosedostuerir,</strong></span> <span class='ocrx_word' id='word_1_357' title='bbox 710 3670 760 3721; x_wconf 90' lang='lat' dir='ltr'><strong>sed</strong></span> <span class='ocrx_word' id='word_1_358' title='bbox 779 3685 830 3720; x_wconf 83' lang='lat' dir='ltr'><strong>neo</strong></span> <span class='ocrx_word' id='word_1_359' title='bbox 849 3669 1000 3737; x_wconf 88' lang='lat' dir='ltr'><strong>prohibet,</strong></span> <span class='ocrx_word' id='word_1_360' title='bbox 1027 3673 1175 3736; x_wconf 81' lang='lat' dir='ltr'><strong>quominus</strong></span> <span class='ocrx_word' id='word_1_361' title='bbox 1188 3675 1290 3729; x_wconf 77' lang='lat' dir='ltr'><strong>..Areo-</strong></span> 
     </span>
     <span class='ocr_line' id='line_1_45' title="bbox 316 3738 1289 3812; baseline 0.004 -18"><span class='ocrx_word' id='word_1_362' title='bbox 316 3787 320 3794; x_wconf 85' lang='lat'><em>.</em></span> <span class='ocrx_word' id='word_1_363' title='bbox 357 3742 471 3812; x_wconf 85' lang='lat' dir='ltr'><strong>pagitas</strong></span> <span class='ocrx_word' id='word_1_364' title='bbox 497 3743 553 3806; x_wconf 84' lang='lat' dir='ltr'><strong>jam</strong></span> <span class='ocrx_word' id='word_1_365' title='bbox 580 3749 636 3792; x_wconf 92' lang='lat' dir='ltr'><strong>tum</strong></span> <span class='ocrx_word' id='word_1_366' title='bbox 664 3747 769 3790; x_wconf 83' lang='lat' dir='ltr'><strong>extra</strong></span> <span class='ocrx_word' id='word_1_367' title='bbox 796 3738 954 3794; x_wconf 81' lang='lat' dir='ltr'><strong>ordinem</strong></span> <span class='ocrx_word' id='word_1_368' title='bbox 987 3752 1227 3808; x_wconf 81' lang='lat' dir='ltr'><strong>nonnunquam</strong></span> <span class='ocrx_word' id='word_1_369' title='bbox 1256 3745 1289 3798; x_wconf 88' lang='lat' dir='ltr'><strong>in</strong></span> 
     </span>
     <span class='ocr_line' id='line_1_46' title="bbox 378 3805 1289 3880; baseline 0.002 -16"><span class='ocrx_word' id='word_1_370' title='bbox 378 3811 480 3864; x_wconf 86' lang='lat' dir='ltr'><strong>orticu.</strong></span> <span class='ocrx_word' id='word_1_371' title='bbox 495 3808 576 3874; x_wconf 75' lang='lat' dir='ltr'><strong>regia</strong></span> <span class='ocrx_word' id='word_1_372' title='bbox 595 3805 762 3858; x_wconf 83' lang='lat' dir='ltr'><strong>convenisse</strong></span> <span class='ocrx_word' id='word_1_373' title='bbox 787 3807 939 3860; x_wconf 86' lang='lat' dir='ltr'><strong>credamus.</strong></span> <span class='ocrx_word' id='word_1_374' title='bbox 958 3837 992 3850; x_wconf 80' lang='lat'><strong>-</strong></span> <span class='ocrx_word' id='word_1_375' title='bbox 1034 3811 1180 3875; x_wconf 69' lang='lat' dir='ltr'><strong>Minerva,</strong></span> <span class='ocrx_word' id='word_1_376' title='bbox 1212 3829 1289 3880; x_wconf 83' lang='lat' dir='ltr'><strong>quse</strong></span> 
     </span>
     <span class='ocr_line' id='line_1_47' title="bbox 289 3875 1289 3954; baseline 0.013 -32"><span class='ocrx_word' id='word_1_377' title='bbox 289 3915 292 3922; x_wconf 88' lang='lat'><em>.</em></span> <span class='ocrx_word' id='word_1_378' title='bbox 329 3917 331 3928; x_wconf 86' lang='lat'>.</span> <span class='ocrx_word' id='word_1_379' title='bbox 352 3893 409 3945; x_wconf 63' lang='lat' dir='ltr'><strong>pam</strong></span> <span class='ocrx_word' id='word_1_380' title='bbox 434 3889 516 3933; x_wconf 85' lang='lat' dir='ltr'><strong>autea</strong></span> <span class='ocrx_word' id='word_1_381' title='bbox 536 3875 675 3954; x_wconf 67' lang='lat' dir='ltr'><strong>judicium</strong></span> <span class='ocrx_word' id='word_1_382' title='bbox 701 3875 867 3936; x_wconf 75' lang='lat' dir='ltr'><strong>addixerat,</strong></span> <span class='ocrx_word' id='word_1_383' title='bbox 902 3877 938 3928; x_wconf 92' lang='lat' dir='ltr'><strong>de</strong></span> <span class='ocrx_word' id='word_1_384' title='bbox 963 3877 1135 3933; x_wconf 87' lang='lat' dir='ltr'><strong>testimoniis</strong></span> <span class='ocrx_word' id='word_1_385' title='bbox 1154 3888 1182 3932; x_wconf 93' lang='lat' dir='ltr'><strong>et</strong></span> <span class='ocrx_word' id='word_1_386' title='bbox 1198 3897 1289 3950; x_wconf 83' lang='lat' dir='ltr'><strong>argu-</strong></span> 
     </span>
     <span class='ocr_line' id='line_1_48' title="bbox 319 3943 1287 4010; baseline 0.001 -7"><span class='ocrx_word' id='word_1_387' title='bbox 319 3979 332 3990; x_wconf 48' lang='grc' dir='ltr'><strong>ι’</strong></span> <span class='ocrx_word' id='word_1_388' title='bbox 355 3947 457 4003; x_wconf 87' lang='lat' dir='ltr'><strong>meotis</strong></span> <span class='ocrx_word' id='word_1_389' title='bbox 477 3946 507 3998; x_wconf 86' lang='lat' dir='ltr'><strong>in</strong></span> <span class='ocrx_word' id='word_1_390' title='bbox 523 3943 631 4010; x_wconf 82' lang='lat' dir='ltr'><strong>judicto</strong></span> <span class='ocrx_word' id='word_1_391' title='bbox 651 3943 803 4000; x_wconf 80' lang='lat' dir='ltr'><strong>afferendis</strong></span> <span class='ocrx_word' id='word_1_392' title='bbox 821 3955 980 4010; x_wconf 84' lang='lat' dir='ltr'><strong>monuerat,</strong></span> <span class='ocrx_word' id='word_1_393' title='bbox 998 3946 1106 4002; x_wconf 88' lang='lat' dir='ltr'><strong>deinde</strong></span> <span class='ocrx_word' id='word_1_394' title='bbox 1121 3959 1204 4004; x_wconf 74' lang='lat' dir='ltr'><strong>extre</strong></span> <span class='ocrx_word' id='word_1_395' title='bbox 1220 3967 1287 4004; x_wconf 91' lang='lat' dir='ltr'><strong>sce-</strong></span> 
     </span>
    </p>

    <p class='ocr_par' dir='ltr' id='par_1_22' title="bbox 277 4013 1392 4164">
     <span class='ocr_line' id='line_1_49' title="bbox 277 4013 1392 4094; baseline 0.003 -25"><span class='ocrx_word' id='word_1_396' title='bbox 277 4043 279 4050; x_wconf 89' lang='grc'><strong><em>·</em></strong></span> <span class='ocrx_word' id='word_1_397' title='bbox 348 4030 416 4074; x_wconf 59' lang='lat' dir='ltr'><strong>:nam</strong></span> <span class='ocrx_word' id='word_1_398' title='bbox 433 4013 710 4094; x_wconf 26' lang='lat' dir='ltr'><strong>J&#39;udicestelegeraut,¹</strong></span> <span class='ocrx_word' id='word_1_399' title='bbox 732 4013 923 4074; x_wconf 81' lang='lat' dir='ltr'><strong>instruxerat,</strong></span> <span class='ocrx_word' id='word_1_400' title='bbox 939 4015 1198 4082; x_wconf 62' lang='lat' dir='ltr'><strong>,odtosjurandon</strong></span> <span class='ocrx_word' id='word_1_401' title='bbox 1216 4021 1288 4073; x_wconf 89' lang='lat' dir='ltr'><strong>ade·</strong></span> <span class='ocrx_word' id='word_1_402' title='bbox 1391 4029 1392 4034; x_wconf 77' lang='grc'>’</span> 
     </span>
     <span class='ocr_line' id='line_1_50' title="bbox 277 4081 1289 4164; baseline 0.01 -30"><span class='ocrx_word' id='word_1_403' title='bbox 277 4111 332 4144; x_wconf 73' lang='grc'><strong>.,,;;</strong></span> <span class='ocrx_word' id='word_1_404' title='bbox 350 4093 450 4153; x_wconf 63' lang='lat' dir='ltr'><strong>portu,</strong></span> <span class='ocrx_word' id='word_1_405' title='bbox 464 4095 597 4164; x_wconf 60' lang='lat' dir='ltr'><strong>⁸:oraturo</strong></span> <span class='ocrx_word' id='word_1_406' title='bbox 619 4081 758 4152; x_wconf 77' lang='lat' dir='ltr'><strong>inductum</strong></span> <span class='ocrx_word' id='word_1_407' title='bbox 776 4081 989 4152; x_wconf 70' lang='lat' dir='ltr'><strong>consuluerat,</strong></span> <span class='ocrx_word' id='word_1_408' title='bbox 1008 4085 1099 4144; x_wconf 79' lang='lat' dir='ltr'><strong>etiam</strong></span> <span class='ocrx_word' id='word_1_409' title='bbox 1116 4086 1147 4141; x_wconf 87' lang='lat' dir='ltr'><strong>in</strong></span> <span class='ocrx_word' id='word_1_410' title='bbox 1169 4088 1289 4154; x_wconf 84' lang='lat' dir='ltr'><strong>judicio</strong></span> 
     </span>
    </p>
   </div>
   <div class='ocr_carea' id='block_1_4' title="bbox 0 0 1402 4692">
    <p class='ocr_par' dir='ltr' id='par_1_23' title="bbox 0 0 1402 4692">
     <span class='ocr_line' id='line_1_51' title="bbox 0 0 1402 4692; baseline 0 1"><span class='ocrx_word' id='word_1_411' title='bbox 0 0 1402 4692; x_wconf 95' lang='lat' dir='ltr'><strong> </strong></span> 
     </span>
    </p>
   </div>
  </div>
 </body>
</html>
