2652 4688
1017 361 1091 438 269

116 555 182 597 rum
197 535 353 616 ¹spiritum
369 529 510 610 attende,
532 531 589 596 scd
607 542 744 598 testatur
758 537 851 618 illam
868 535 968 598 'etiam
985 536 1089 600 schol.

119 620 149 682 B.
171 621 331 682 lemmate.
374 629 375 633 ’
775 677 778 682 .
947 652 951 664 ·

79 703 148 787 Pege
166 705 206 765 30
218 723 265 782 sq.
287 699 374 782 quod
402 702 583 782 suspicatus
611 723 682 768 suus
704 703 760 768 Vs.
785 708 853 770 164.
875 700 991 787 θόρνον
1011 707 1091 764 scri-

86 841 89 850 ,
117 785 251 848 bendum
273 805 358 857 esse,
388 783 521 862 ,judicio
543 785 714 848 doctorum
737 790 904 850 hominum
927 791 1089 869 relinquo.

84 905 88 916 ·
116 865 438 936 Omuirdubitatione,
454 879 581 946 careret
601 872 776 932 Frituschii
798 871 999 936 emendatio:
1027 875 1092 934 oii-

114 975 164 1014 κον
185 949 247 1029 (sic
269 971 332 1015 scr.
354 972 385 1032 p.
407 955 466 1026 30,
487 953 546 1018 lin.
570 946 662 1033 ult.);
706 958 805 1017 immo
832 956 908 1020 vide
928 976 970 1016 an
992 958 1092 1018 etiam

82 1081 88 1088 .
114 1031 251 1114 θρόμβον
271 1036 353 1096 ferri
374 1039 495 1116 possit,
524 1055 588 1098 non
611 1035 742 1118 quidem
765 1059 803 1102 eo
824 1059 935 1114 sensu,
957 1059 1092 1122 quomo

82 1165 87 1172 .
114 1121 219 1180 verbis
240 1121 338 1180 aliter
365 1121 562 1181 constructis
582 1124 758 1184 extricavit
777 1124 1003 1198 Hermaunus,
1035 1125 1092 1187 sed

34 1204 35 1210 ’
83 1247 87 1257 ,
117 1203 234 1276 simili,
266 1222 304 1266 ao
322 1199 459 1282 θρόνον,
489 1205 728 1288 significatione
749 1205 899 1269 adhibito
919 1207 1090 1272 vocabulo.

84 1328 88 1338 ·
116 1283 180 1346 Cir.
196 1285 339 1366 Heoyoh.
367 1286 510 1368 Θρανίαο,
532 1285 679 1368 θρόμβοι.
731 1288 881 1371 Θρόμβοο,
904 1290 1091 1376 αἶμμπαχὺ,

115 1367 268 1448 πηπημός,
292 1369 336 1441 uie
357 1371 496 1448 βοονοί
513 1371 585 1448 (ubi
602 1369 668 1434 vid.
687 1372 797 1436 adnot.
811 1376 957 1452 Alberti,
981 1380 1037 1458 qui
1057 1381 1093 1439 in

118 1452 220 1514 Gloss.
236 1453 352 1516 Jatric.
370 1452 467 1515 MSS.
484 1473 545 1534 pro
564 1453 717 1536 Θρύμβος,
740 1455 860 1540 θρὸμος
876 1461 1094 1542 probabiliter

85 1589 88 1598 .
117 1538 283 1600 rescribit:
323 1535 485 1619 Θρόμβος,
517 1537 657 1618 θρόνος).
707 1540 868 1624 Θρόμβος,
902 1541 1021 1624 ὑψηλὸς
1039 1544 1093 1608 rd-

82 1665 86 1672 .
116 1643 201 1692 πος..
227 1617 349 1684 Eodem
372 1631 497 1703 spectat
517 1625 604 1704 qnod
626 1625 728 1686 schol.
752 1626 792 1686 ad
811 1626 912 1710 Soph.
935 1630 1091 1692 Trachin.

115 1702 170 1762 Vs.
193 1706 262 1768 7112.
287 1704 405 1766 tradit:
443 1702 585 1786 θρόμβος
610 1705 669 1788 γὰρ
692 1709 708 1770 ὁ
731 1707 838 1788 ὅρκος,
869 1710 1008 1774 reddens
1035 1715 1094 1776 ille

116 1788 271 1854 nimirum
287 1787 506 1871 Sophocleum
527 1791 663 1854 verbum
684 1791 879 1870 adjectivum
895 1794 1092 1878 θρομβώδοις

115 1889 197 1934 voce
213 1870 385 1951 ἐπηρμένοι.
610 1905 612 1912 ’
754 1934 758 1944 .

75 1991 115 2001 —-
136 1956 187 2031 32,
208 1953 250 2014 ad
271 1956 327 2031 Vs.
343 1959 414 2024 152.
446 1955 650 2030 Vocabulum
668 1961 833 2042 μεσολαβεῖ
848 1983 888 2024 ex
905 1987 942 2028 ea
959 1966 1026 2030 loci
1044 1969 1093 2028 in-

105 2038 332 2124 terpungendi
349 2044 489 2118 ratione,
511 2061 608 2122 quam
625 2062 683 2105 nos
698 2046 839 2127 amplexi
853 2068 973 2129 sumus,
995 2054 1096 2118 etiam

80 2179 83 2194 ,
116 2123 244 2203 passivo
262 2143 357 2191 sensu
374 2128 447 2207 cepi
469 2133 576 2206 potest
592 2128 649 2202 ita,
671 2137 710 2188 ut
728 2127 768 2190 de
789 2131 956 2198 locutione
977 2133 1095 2217 λομβιλ-
1214 2145 1224 2162 ’

114 2227 176 2266 vua
197 2204 321 2290 κέντρον
342 2211 465 2293 cogites
493 2210 598 2272 simili
625 2211 694 2291 illi,
729 2233 810 2295 quse
831 2217 918 2279 inira
939 2219 996 2283 Vs.
1022 2225 1092 2292 172.

80 2323 83 2330 ’
115 2288 632 2454 triturationis
653 2292 1094 2458 stibrene

167 2417 176 2434 ο
457 2421 465 2436 ι
536 2421 545 2437 ο
631 2419 639 2437 ν
770 2404 796 2442 οἳ
964 2411 985 2446 α
1003 2412 1044 2448 πθ
1061 2413 1094 2448 U-

115 2450 217 2530 μόνων
237 2457 352 2534 λαβεῖν.
393 2459 458 2520 Ροο
480 2460 538 2522 illa
559 2457 646 2539 apud
659 2459 831 2524 Musaeum
852 2485 950 2530 carm.
974 2467 1016 2532 de
1028 2472 1095 2534 Hc-

80 2587 85 2594 .
116 2556 198 2600 rone
218 2548 252 2600 et
272 2539 425 2610 Leandro
447 2542 502 2602 Vs.
529 2545 597 2606 166.
621 2551 687 2604 est:
723 2544 867 2628 δέχεσθαι
887 2551 1030 2635 κέντρον,
1052 2555 1094 2618 ad
1159 2555 1172 2587 “’

115 2641 213 2701 quem
233 2623 342 2687 locum
362 2627 459 2706 plura
480 2621 571 2686 dedit
590 2625 815 2692 Heinrichius.
964 2665 969 2675 ·

74 2741 114 2752 -
138 2708 180 2770 36
193 2727 256 2788 sq„
278 2707 457 2778 ad'sclsoll.
479 2711 515 2770 in
537 2709 593 2771 Vs.
616 2713 687 2774 165.
729 2711 941 2798 saltatoris,
964 2725 1094 2806 opinor,

115 2807 134 2849 a
156 2790 358 2868 rebellastis,
380 2791 633 2875 utSophocleo,
660 2795 773 2859 Furias
794 2819 867 2863 cum
887 2804 997 2869 Parcis
1017 2829 1095 2872 con·
1210 2845 1214 2855 .

115 2875 203 2942 fusas
224 2883 377 2938 statuere.
415 2877 465 2939 De
482 2877 590 2940 verbis
608 2876 683 2942 ὅσον
700 2877 761 2960 (τό)
779 2883 829 2944 ἐπί
848 2909 898 2948 σον
912 2893 972 2954 clr.
990 2895 1092 2961 schol.

118 2957 154 3019 Β.
178 2955 219 3021 ad
240 2956 327 3040 Sept.
350 2980 377 3021 c.
400 2959 504 3024 Theb.
526 2960 583 3025 vs.
608 2966 678 3028 993.
701 2963 851 3046 Schuetz.

73 3075 117 3088 --
139 3043 196 3118 db,
218 3041 260 3102 ad
275 3041 339 3108 ..Va
353 3047 422 3108 177.
461 3043 528 3106 Cur
548 3048 778 3111 formationem
801 3060 1034 3141 κορανηονῆρες
1054 3065 1094 3126 ab

118 3126 281 3204 omuibus,
301 3123 389 3209 quod
410 3129 521 3200 sciam,
544 3129 639 3190 libris
661 3141 694 3194 et
713 3136 844 3218 scriptis
865 3149 899 3200 et
918 3143 1095 3226 impressis,

116 3211 177 3290 qui
208 3208 304 3272 fidens
331 3221 515 3290 merentur,
555 3213 813 3298 suppeditatum,
841 3221 970 3286 'contra
998 3249 1095 3311 quem

115 3291 334 3358 schuenckio
356 3305 390 3356 et
403 3295 599 3358 Wellauero
620 3301 725 3362 visum
747 3313 811 3381 est,
834 3325 907 3369 cum
929 3313 1096 3390 prioribus

76 3439 80 3444 ,
115 3377 211 3454 hujus
232 3377 361 3443 fabulae
378 3379 559 3444 editoribus
574 3380 880 3468 repudiavissemus,
903 3395 1096 3476 explicatius

115 3460 287 3542 disputare
309 3463 513 3536 nolebamus3
535 3462 602 3530 vid.
626 3474 732 3530 tamen
753 3470 817 3547 jam
838 3475 980 3542 Lobeclr.
1002 3499 1096 3561 para-

116 3545 232 3624 lipom.
262 3565 312 3632 gr.
330 3545 394 3610 Gr.
422 3548 548 3612 interca
574 3547 658 3618 edit.
679 3570 711 3631 p.
730 3553 790 3618 449
812 3565 845 3618 et
865 3559 974 3623 adnot
992 3565 1096 3628 75.-

114 3626 202 3694 Mox
231 3630 338 3695 scribe
358 3626 599 3715 ὀφθαλμωρύχοι
626 3653 700 3698 cum
722 3636 929 3719 Robortello3
969 3653 1097 3712 monuit

116 3711 219 3775 ctiam
236 3711 386 3782 Lobeck.
404 3715 445 3776 ad
466 3713 567 3798 Sopb.
590 3716 680 3796 Aac.
703 3739 734 3800 p.
756 3723 827 3788 228.
961 3752 962 3756 ’

70 3829 116 3842 -
140 3796 193 3871 47,
209 3791 250 3855 ad
263 3796 320 3860 Vs.
333 3800 403 3864 18⁰.
431 3800 480 3862 De
492 3800 652 3862 vocabulo
667 3799 776 3883 λυγμὸς
796 3807 907 3874 eadem
921 3817 974 3878 vel
990 3821 1095 3879 omni-

117 3897 164 3938 no
186 3879 241 3941 vel
260 3899 300 3940 ex
319 3892 428 3962 parte,
456 3901 537 3965 quae
559 3883 762 3965 Hesychius,
793 3893 929 3959 tradunt
948 3899 1095 3981 Photius‚

116 3959 255 4038 suidas,
273 3962 427 4043 ‚Gyrillus
445 3968 528 4031 Lex.
551 3987 646 4034 metr.
670 3971 757 4052 apud
776 3975 901 4041 Albert.
925 3981 966 4042 ed
989 3985 1097 4048 locum

100 4045 290 4127 ,Hesycbii
322 4047 473 4115 Ceterum
490 4051 592 4133 probe
608 4054 696 4132 scio,
718 4057 810 4121 illam
829 4065 1058 4132 formationem
1078 4091 1096 4131 a
