<?xml version="1.0" encoding="UTF-8"?>
<!DOCTYPE html PUBLIC "-//W3C//DTD XHTML 1.0 Transitional//EN"
    "http://www.w3.org/TR/xhtml1/DTD/xhtml1-transitional.dtd">
<html xmlns="http://www.w3.org/1999/xhtml" xml:lang="en" lang="en">
 <head>
  <title>
</title>
<meta http-equiv="Content-Type" content="text/html;charset=utf-8" />
  <meta name='ocr-system' content='tesseract 3.04.00' />
  <meta name='ocr-capabilities' content='ocr_page ocr_carea ocr_par ocr_line ocrx_word'/>
</head>
<body>
  <div class='ocr_page' id='page_1' title='image "./conjectaneainae00wiesgoog_0434.png"; bbox 0 0 2652 4688; ppageno 0'>
   <div class='ocr_carea' id='block_1_1' title="bbox 1028 367 1101 441">
    <p class='ocr_par' dir='ltr' id='par_1_1' title="bbox 1028 367 1101 441">
     <span class='ocr_line' id='line_1_1' title="bbox 1028 367 1101 441; baseline -0.014 0"><span class='ocrx_word' id='word_1_1' title='bbox 1028 367 1101 441; x_wconf 73' lang='lat' dir='ltr'>tot</span> 
     </span>
    </p>
   </div>
   <div class='ocr_carea' id='block_1_2' title="bbox 7 536 1227 4172">
    <p class='ocr_par' dir='ltr' id='par_1_2' title="bbox 7 536 1227 2540">
     <span class='ocr_line' id='line_1_2' title="bbox 112 536 1227 625; baseline 0.003 -20"><span class='ocrx_word' id='word_1_2' title='bbox 112 544 189 606; x_wconf 82' lang='lat' dir='ltr'>vitio</span> <span class='ocrx_word' id='word_1_3' title='bbox 213 559 284 606; x_wconf 81' lang='lat' dir='ltr'>esse</span> <span class='ocrx_word' id='word_1_4' title='bbox 306 549 339 604; x_wconf 91' lang='lat' dir='ltr'>et</span> <span class='ocrx_word' id='word_1_5' title='bbox 361 559 424 624; x_wconf 86' lang='lat' dir='ltr'>pro</span> <span class='ocrx_word' id='word_1_6' title='bbox 444 536 532 622; x_wconf 76' lang='lat' dir='ltr'>tropei</span> <span class='ocrx_word' id='word_1_7' title='bbox 553 540 778 625; x_wconf 84' lang='lat' dir='ltr'>reponendum</span> <span class='ocrx_word' id='word_1_8' title='bbox 801 539 881 622; x_wconf 73' lang='grc' dir='ltr'><em>περί.</em></span> <span class='ocrx_word' id='word_1_9' title='bbox 943 542 979 604; x_wconf 87' lang='lat' dir='ltr'>ln</span> <span class='ocrx_word' id='word_1_10' title='bbox 1003 541 1105 617; x_wconf 84' lang='lat' dir='ltr'>llbro,</span> <span class='ocrx_word' id='word_1_11' title='bbox 1224 599 1227 608; x_wconf 79' lang='grc'>,</span> 
     </span>
     <span class='ocr_line' id='line_1_3' title="bbox 113 622 1104 711; baseline -0.001 -22"><span class='ocrx_word' id='word_1_12' title='bbox 113 645 170 709; x_wconf 86' lang='lat' dir='ltr'>quo</span> <span class='ocrx_word' id='word_1_13' title='bbox 191 629 347 689; x_wconf 86' lang='lat' dir='ltr'>utebatur</span> <span class='ocrx_word' id='word_1_14' title='bbox 368 626 583 703; x_wconf 68' lang='lat' dir='ltr'>scholiastes,</span> <span class='ocrx_word' id='word_1_15' title='bbox 627 636 703 711; x_wconf 84' lang='lat' dir='ltr'>post</span> <span class='ocrx_word' id='word_1_16' title='bbox 723 623 822 688; x_wconf 85' lang='lat' dir='ltr'>verba</span> <span class='ocrx_word' id='word_1_17' title='bbox 845 628 875 686; x_wconf 79' lang='grc' dir='ltr'>τί</span> <span class='ocrx_word' id='word_1_18' title='bbox 893 622 1104 706; x_wconf 73' lang='grc' dir='ltr'>γὰρ·ηιιΙΙι]ηι</span> 
     </span>
     <span class='ocr_line' id='line_1_4' title="bbox 7 709 1102 800; baseline -0.004 -26"><span class='ocrx_word' id='word_1_19' title='bbox 7 767 8 780; x_wconf 38' lang='lat'>2</span> <span class='ocrx_word' id='word_1_20' title='bbox 114 722 178 774; x_wconf 81' lang='lat' dir='ltr'>erat</span> <span class='ocrx_word' id='word_1_21' title='bbox 200 713 482 794; x_wconf 78' lang='lat' dir='ltr'>interpunctionis</span> <span class='ocrx_word' id='word_1_22' title='bbox 503 715 653 800; x_wconf 78' lang='lat' dir='ltr'>signum,</span> <span class='ocrx_word' id='word_1_23' title='bbox 685 719 723 773; x_wconf 92' lang='lat' dir='ltr'>ut</span> <span class='ocrx_word' id='word_1_24' title='bbox 743 711 830 792; x_wconf 85' lang='lat' dir='ltr'>apud</span> <span class='ocrx_word' id='word_1_25' title='bbox 853 709 1102 784; x_wconf 75' lang='lat' dir='ltr'>Robortellum3</span> 
     </span>
     <span class='ocr_line' id='line_1_5' title="bbox 7 796 1103 882; baseline -0.004 -23"><span class='ocrx_word' id='word_1_26' title='bbox 7 835 8 868; x_wconf 61' lang='lat'>2</span> <span class='ocrx_word' id='word_1_27' title='bbox 111 799 206 860; x_wconf 83' lang='lat' dir='ltr'>verba</span> <span class='ocrx_word' id='word_1_28' title='bbox 228 796 436 880; x_wconf 71' lang='grc' dir='ltr'><strong><em>πρυςτέταχθε</em></strong></span> <span class='ocrx_word' id='word_1_29' title='bbox 457 797 556 860; x_wconf 70' lang='grc' dir='ltr'><em>ποιεῖν</em></span> <span class='ocrx_word' id='word_1_30' title='bbox 583 800 683 879; x_wconf 89' lang='lat' dir='ltr'>petiit</span> <span class='ocrx_word' id='word_1_31' title='bbox 704 816 744 857; x_wconf 87' lang='lat' dir='ltr'>ex</span> <span class='ocrx_word' id='word_1_32' title='bbox 765 814 862 856; x_wconf 84' lang='lat' dir='ltr'>versu</span> <span class='ocrx_word' id='word_1_33' title='bbox 885 799 965 870; x_wconf 77' lang='lat'>1993</span> <span class='ocrx_word' id='word_1_34' title='bbox 1011 797 1103 882; x_wconf 82' lang='lat' dir='ltr'>geui-</span> 
     </span>
     <span class='ocr_line' id='line_1_6' title="bbox 111 877 1104 964; baseline -0.001 -21"><span class='ocrx_word' id='word_1_35' title='bbox 111 883 210 946; x_wconf 86' lang='lat' dir='ltr'>tivum</span> <span class='ocrx_word' id='word_1_36' title='bbox 243 900 352 942; x_wconf 86' lang='lat' dir='ltr'>casum</span> <span class='ocrx_word' id='word_1_37' title='bbox 381 877 526 962; x_wconf 71' lang='grc' dir='ltr'>γυναικὸς</span> <span class='ocrx_word' id='word_1_38' title='bbox 555 884 601 944; x_wconf 87' lang='lat' dir='ltr'>ita</span> <span class='ocrx_word' id='word_1_39' title='bbox 628 881 827 963; x_wconf 76' lang='lat' dir='ltr'>explicavit,</span> <span class='ocrx_word' id='word_1_40' title='bbox 870 889 908 942; x_wconf 94' lang='lat' dir='ltr'>ut</span> <span class='ocrx_word' id='word_1_41' title='bbox 939 901 1001 963; x_wconf 84' lang='lat' dir='ltr'>pro</span> <span class='ocrx_word' id='word_1_42' title='bbox 1032 879 1104 964; x_wconf 76' lang='grc' dir='ltr'>περὶ</span> 
     </span>
     <span class='ocr_line' id='line_1_7' title="bbox 110 960 1101 1048; baseline -0.002 -22"><span class='ocrx_word' id='word_1_43' title='bbox 110 960 250 1047; x_wconf 64' lang='grc' dir='ltr'>γυναικὸς</span> <span class='ocrx_word' id='word_1_44' title='bbox 273 967 416 1046; x_wconf 86' lang='lat' dir='ltr'>positum</span> <span class='ocrx_word' id='word_1_45' title='bbox 439 964 566 1028; x_wconf 86' lang='lat' dir='ltr'>diceret</span> <span class='ocrx_word' id='word_1_46' title='bbox 594 998 636 1011; x_wconf 90' lang='lat'><em>-</em></span> <span class='ocrx_word' id='word_1_47' title='bbox 669 965 768 1048; x_wconf 89' lang='lat' dir='ltr'>plane</span> <span class='ocrx_word' id='word_1_48' title='bbox 797 972 835 1023; x_wconf 88' lang='lat' dir='ltr'>ut</span> <span class='ocrx_word' id='word_1_49' title='bbox 864 967 1101 1026; x_wconf 81' lang='lat' dir='ltr'>erecentiori·</span> 
     </span>
     <span class='ocr_line' id='line_1_8' title="bbox 111 1047 1101 1131; baseline -0.001 -20"><span class='ocrx_word' id='word_1_50' title='bbox 111 1053 165 1111; x_wconf 85' lang='lat' dir='ltr'>bns</span> <span class='ocrx_word' id='word_1_51' title='bbox 189 1051 427 1130; x_wconf 78' lang='lat' dir='ltr'>interpretibus</span> <span class='ocrx_word' id='word_1_52' title='bbox 452 1047 721 1112; x_wconf 78' lang='lat' dir='ltr'>Abrescbius.</span> <span class='ocrx_word' id='word_1_53' title='bbox 754 1079 796 1096; x_wconf 59' lang='grc' dir='ltr'>υ·-</span> <span class='ocrx_word' id='word_1_54' title='bbox 848 1048 1005 1109; x_wconf 79' lang='lat' dir='ltr'>Dubitari</span> <span class='ocrx_word' id='word_1_55' title='bbox 1026 1059 1101 1131; x_wconf 90' lang='lat' dir='ltr'>pot-</span> 
     </span>
     <span class='ocr_line' id='line_1_9' title="bbox 111 1130 1103 1220; baseline -0.001 -27"><span class='ocrx_word' id='word_1_56' title='bbox 111 1142 177 1212; x_wconf 86' lang='lat' dir='ltr'>est,</span> <span class='ocrx_word' id='word_1_57' title='bbox 220 1143 331 1194; x_wconf 88' lang='lat' dir='ltr'>utrum</span> <span class='ocrx_word' id='word_1_58' title='bbox 362 1134 635 1220; x_wconf 79' lang='lat' dir='ltr'>interrogationis</span> <span class='ocrx_word' id='word_1_59' title='bbox 665 1136 796 1218; x_wconf 81' lang='lat' dir='ltr'>signum</span> <span class='ocrx_word' id='word_1_60' title='bbox 818 1143 892 1213; x_wconf 88' lang='lat' dir='ltr'>post</span> <span class='ocrx_word' id='word_1_61' title='bbox 914 1133 944 1192; x_wconf 77' lang='lat' dir='ltr'>si</span> <span class='ocrx_word' id='word_1_62' title='bbox 962 1130 1021 1216; x_wconf 76' lang='grc' dir='ltr'>γὰρ</span> <span class='ocrx_word' id='word_1_63' title='bbox 1044 1150 1103 1214; x_wconf 89' lang='lat' dir='ltr'>po-</span> 
     </span>
     <span class='ocr_line' id='line_1_10' title="bbox 110 1215 1100 1299; baseline 0.001 -22"><span class='ocrx_word' id='word_1_64' title='bbox 110 1216 245 1278; x_wconf 84' lang='lat' dir='ltr'>nendum</span> <span class='ocrx_word' id='word_1_65' title='bbox 269 1220 330 1292; x_wconf 85' lang='lat' dir='ltr'>sit,</span> <span class='ocrx_word' id='word_1_66' title='bbox 359 1228 398 1279; x_wconf 91' lang='lat' dir='ltr'>ut</span> <span class='ocrx_word' id='word_1_67' title='bbox 420 1215 500 1280; x_wconf 84' lang='lat' dir='ltr'>haec</span> <span class='ocrx_word' id='word_1_68' title='bbox 522 1217 626 1279; x_wconf 90' lang='lat' dir='ltr'>dictio</span> <span class='ocrx_word' id='word_1_69' title='bbox 650 1237 722 1279; x_wconf 88' lang='lat' dir='ltr'>eam</span> <span class='ocrx_word' id='word_1_70' title='bbox 743 1218 812 1280; x_wconf 86' lang='lat' dir='ltr'>vim</span> <span class='ocrx_word' id='word_1_71' title='bbox 835 1216 972 1294; x_wconf 84' lang='lat' dir='ltr'>babeat,</span> <span class='ocrx_word' id='word_1_72' title='bbox 1003 1237 1100 1299; x_wconf 83' lang='lat' dir='ltr'>quam</span> 
     </span>
     <span class='ocr_line' id='line_1_11' title="bbox 109 1297 1102 1384; baseline -0.001 -21"><span class='ocrx_word' id='word_1_73' title='bbox 109 1301 192 1384; x_wconf 87' lang='lat' dir='ltr'>apud</span> <span class='ocrx_word' id='word_1_74' title='bbox 212 1302 325 1383; x_wconf 82' lang='lat' dir='ltr'>Enrip.</span> <span class='ocrx_word' id='word_1_75' title='bbox 350 1300 422 1364; x_wconf 90' lang='lat' dir='ltr'>lon.</span> <span class='ocrx_word' id='word_1_76' title='bbox 446 1302 501 1364; x_wconf 89' lang='lat' dir='ltr'>Vs.</span> <span class='ocrx_word' id='word_1_77' title='bbox 525 1307 587 1366; x_wconf 81' lang='lat'>210</span> <span class='ocrx_word' id='word_1_78' title='bbox 610 1302 757 1377; x_wconf 68' lang='lat' dir='ltr'>Macen,</span> <span class='ocrx_word' id='word_1_79' title='bbox 796 1297 947 1382; x_wconf 89' lang='lat' dir='ltr'>Xenoph.</span> <span class='ocrx_word' id='word_1_80' title='bbox 971 1299 1102 1364; x_wconf 89' lang='lat' dir='ltr'>Memo-</span> 
     </span>
     <span class='ocr_line' id='line_1_12' title="bbox 107 1384 1099 1468; baseline -0.004 -20"><span class='ocrx_word' id='word_1_81' title='bbox 107 1387 174 1448; x_wconf 85' lang='lat' dir='ltr'>rab.</span> <span class='ocrx_word' id='word_1_82' title='bbox 197 1385 251 1464; x_wconf 93' lang='lat'>11,</span> <span class='ocrx_word' id='word_1_83' title='bbox 280 1391 323 1463; x_wconf 84' lang='grc'>6,</span> <span class='ocrx_word' id='word_1_84' title='bbox 352 1389 429 1450; x_wconf 68' lang='lat' dir='ltr'>let</span> <span class='ocrx_word' id='word_1_85' title='bbox 449 1390 490 1463; x_wconf 89' lang='lat'>3,</span> <span class='ocrx_word' id='word_1_86' title='bbox 524 1387 607 1449; x_wconf 87' lang='lat' dir='ltr'>alibi</span> <span class='ocrx_word' id='word_1_87' title='bbox 639 1387 713 1466; x_wconf 83' lang='lat' dir='ltr'>(cfr.</span> <span class='ocrx_word' id='word_1_88' title='bbox 745 1387 834 1446; x_wconf 83' lang='lat' dir='ltr'>inira</span> <span class='ocrx_word' id='word_1_89' title='bbox 861 1384 972 1447; x_wconf 85' lang='lat' dir='ltr'>adnot.</span> <span class='ocrx_word' id='word_1_90' title='bbox 997 1385 1039 1446; x_wconf 81' lang='lat' dir='ltr'>ad</span> <span class='ocrx_word' id='word_1_91' title='bbox 1067 1406 1099 1468; x_wconf 84' lang='lat' dir='ltr'>p.</span> 
     </span>
     <span class='ocr_line' id='line_1_13' title="bbox 109 1465 1104 1552; baseline -0.004 -17"><span class='ocrx_word' id='word_1_92' title='bbox 109 1473 200 1550; x_wconf 80' lang='lat'>129),</span> <span class='ocrx_word' id='word_1_93' title='bbox 228 1491 270 1531; x_wconf 90' lang='lat' dir='ltr'>an</span> <span class='ocrx_word' id='word_1_94' title='bbox 291 1474 411 1536; x_wconf 87' lang='lat' dir='ltr'>minus.</span> <span class='ocrx_word' id='word_1_95' title='bbox 459 1471 633 1534; x_wconf 87' lang='lat' dir='ltr'>Genitivns</span> <span class='ocrx_word' id='word_1_96' title='bbox 656 1487 748 1532; x_wconf 81' lang='lat' dir='ltr'>cesus</span> <span class='ocrx_word' id='word_1_97' title='bbox 769 1465 913 1550; x_wconf 72' lang='grc' dir='ltr'>γυναικός</span> <span class='ocrx_word' id='word_1_98' title='bbox 935 1490 1001 1530; x_wconf 91' lang='lat' dir='ltr'>non</span> <span class='ocrx_word' id='word_1_99' title='bbox 1024 1490 1104 1552; x_wconf 89' lang='lat' dir='ltr'>pen-</span> 
     </span>
     <span class='ocr_line' id='line_1_14' title="bbox 105 1551 1102 1639; baseline 0.002 -23"><span class='ocrx_word' id='word_1_100' title='bbox 105 1553 161 1616; x_wconf 91' lang='lat' dir='ltr'>det</span> <span class='ocrx_word' id='word_1_101' title='bbox 184 1573 235 1618; x_wconf 80' lang='lat' dir='ltr'>ex</span> <span class='ocrx_word' id='word_1_102' title='bbox 265 1557 368 1618; x_wconf 86' lang='lat' dir='ltr'>verbo</span> <span class='ocrx_word' id='word_1_103' title='bbox 400 1557 640 1639; x_wconf 49' lang='lat' dir='ltr'>appetebant</span> <span class='ocrx_word' id='word_1_104' title='bbox 665 1555 867 1620; x_wconf 87' lang='lat' dir='ltr'>Wellauero</span> <span class='ocrx_word' id='word_1_105' title='bbox 898 1551 1021 1616; x_wconf 70' lang='lat' dir='ltr'>visum·</span> <span class='ocrx_word' id='word_1_106' title='bbox 1041 1561 1102 1632; x_wconf 88' lang='lat' dir='ltr'>est,</span> 
     </span>
     <span class='ocr_line' id='line_1_15' title="bbox 106 1637 1102 1724; baseline 0.001 -24"><span class='ocrx_word' id='word_1_107' title='bbox 106 1637 161 1702; x_wconf 85' lang='lat' dir='ltr'>sed</span> <span class='ocrx_word' id='word_1_108' title='bbox 180 1659 220 1701; x_wconf 82' lang='lat' dir='ltr'>ex</span> <span class='ocrx_word' id='word_1_109' title='bbox 242 1641 296 1716; x_wconf 86' lang='lat' dir='ltr'>iis,</span> <span class='ocrx_word' id='word_1_110' title='bbox 320 1659 403 1722; x_wconf 83' lang='lat' dir='ltr'>queo</span> <span class='ocrx_word' id='word_1_111' title='bbox 416 1642 536 1723; x_wconf 78' lang='lat' dir='ltr'>Apollo</span> <span class='ocrx_word' id='word_1_112' title='bbox 554 1639 727 1702; x_wconf 82' lang='lat' dir='ltr'>additurus</span> <span class='ocrx_word' id='word_1_113' title='bbox 742 1642 843 1700; x_wconf 82' lang='lat' dir='ltr'>fuisse</span> <span class='ocrx_word' id='word_1_114' title='bbox 856 1637 1019 1724; x_wconf 81' lang='lat' dir='ltr'>putandus</span> <span class='ocrx_word' id='word_1_115' title='bbox 1035 1649 1102 1714; x_wconf 65' lang='grc' dir='ltr'>θεῖς</span> 
     </span>
     <span class='ocr_line' id='line_1_16' title="bbox 106 1720 1103 1806; baseline 0 -22"><span class='ocrx_word' id='word_1_116' title='bbox 106 1725 134 1785; x_wconf 83' lang='lat' dir='ltr'>ie</span> <span class='ocrx_word' id='word_1_117' title='bbox 155 1725 225 1806; x_wconf 79' lang='lat' dir='ltr'>ipse</span> <span class='ocrx_word' id='word_1_118' title='bbox 245 1722 288 1784; x_wconf 86' lang='lat' dir='ltr'>ed</span> <span class='ocrx_word' id='word_1_119' title='bbox 310 1729 480 1806; x_wconf 75' lang='lat' dir='ltr'>sequeutia</span> <span class='ocrx_word' id='word_1_120' title='bbox 501 1725 603 1788; x_wconf 83' lang='lat' dir='ltr'>verba</span> <span class='ocrx_word' id='word_1_121' title='bbox 624 1733 733 1786; x_wconf 88' lang='lat' dir='ltr'>mente</span> <span class='ocrx_word' id='word_1_122' title='bbox 751 1720 954 1805; x_wconf 81' lang='lat' dir='ltr'>supplendus</span> <span class='ocrx_word' id='word_1_123' title='bbox 976 1731 1044 1802; x_wconf 87' lang='lat' dir='ltr'>est,</span> <span class='ocrx_word' id='word_1_124' title='bbox 1066 1726 1103 1784; x_wconf 91' lang='lat' dir='ltr'>in</span> 
     </span>
     <span class='ocr_line' id='line_1_17' title="bbox 106 1805 1101 1893; baseline 0 -25"><span class='ocrx_word' id='word_1_125' title='bbox 106 1807 194 1870; x_wconf 86' lang='lat' dir='ltr'>bunc</span> <span class='ocrx_word' id='word_1_126' title='bbox 214 1808 371 1870; x_wconf 79' lang='lat' dir='ltr'>modumt</span> <span class='ocrx_word' id='word_1_127' title='bbox 395 1809 412 1872; x_wconf 82' lang='grc' dir='ltr'>ὁ</span> <span class='ocrx_word' id='word_1_128' title='bbox 436 1807 532 1890; x_wconf 77' lang='grc' dir='ltr'><strong><em>φόνος</em></strong></span> <span class='ocrx_word' id='word_1_129' title='bbox 552 1805 719 1890; x_wconf 63' lang='grc' dir='ltr'>γυὶιαικός,</span> <span class='ocrx_word' id='word_1_130' title='bbox 742 1805 810 1881; x_wconf 73' lang='grc' dir='ltr'>ἥτις</span> <span class='ocrx_word' id='word_1_131' title='bbox 832 1805 931 1886; x_wconf 78' lang='grc' dir='ltr'><strong><em>ἄνδρα</em></strong></span> <span class='ocrx_word' id='word_1_132' title='bbox 951 1809 1101 1893; x_wconf 75' lang='grc' dir='ltr'><em>νοσφίσῃ,</em></span> 
     </span>
     <span class='ocr_line' id='line_1_18' title="bbox 106 1887 1105 1975; baseline -0.002 -19"><span class='ocrx_word' id='word_1_133' title='bbox 106 1888 161 1956; x_wconf 79' lang='grc' dir='ltr'>οὐκ</span> <span class='ocrx_word' id='word_1_134' title='bbox 183 1892 221 1954; x_wconf 75' lang='grc' dir='ltr'>ἂν</span> <span class='ocrx_word' id='word_1_135' title='bbox 241 1915 271 1974; x_wconf 72' lang='lat' dir='ltr'>y.</span> <span class='ocrx_word' id='word_1_136' title='bbox 296 1888 324 1956; x_wconf 80' lang='lat' dir='ltr'>d.</span> <span class='ocrx_word' id='word_1_137' title='bbox 350 1887 425 1956; x_wconf 76' lang='grc' dir='ltr'><strong><em>αὐθ.</em></strong></span> <span class='ocrx_word' id='word_1_138' title='bbox 451 1919 508 1974; x_wconf 82' lang='grc' dir='ltr'>φ.,</span> <span class='ocrx_word' id='word_1_139' title='bbox 531 1894 628 1956; x_wconf 84' lang='lat' dir='ltr'>h.e.=</span> <span class='ocrx_word' id='word_1_140' title='bbox 658 1891 831 1968; x_wconf 84' lang='lat' dir='ltr'>caedes,</span> <span class='ocrx_word' id='word_1_141' title='bbox 856 1910 974 1975; x_wconf 85' lang='lat' dir='ltr'>quern</span> <span class='ocrx_word' id='word_1_142' title='bbox 996 1911 1105 1954; x_wconf 82' lang='lat' dir='ltr'>uxor</span> 
     </span>
     <span class='ocr_line' id='line_1_19' title="bbox 106 1975 1101 2060; baseline 0.002 -23"><span class='ocrx_word' id='word_1_143' title='bbox 106 1979 232 2056; x_wconf 82' lang='lat' dir='ltr'>fecit,</span> <span class='ocrx_word' id='word_1_144' title='bbox 256 1986 334 2043; x_wconf 88' lang='lat' dir='ltr'>cett.</span> <span class='ocrx_word' id='word_1_145' title='bbox 366 2009 408 2025; x_wconf 86' lang='lat'><em>-</em></span> <span class='ocrx_word' id='word_1_146' title='bbox 461 1980 539 2044; x_wconf 84' lang='lat' dir='ltr'>Lin.</span> <span class='ocrx_word' id='word_1_147' title='bbox 561 1980 603 2041; x_wconf 78' lang='lat' dir='ltr'>tt</span> <span class='ocrx_word' id='word_1_148' title='bbox 626 1979 648 2042; x_wconf 90' lang='lat' dir='ltr'>l.</span> <span class='ocrx_word' id='word_1_149' title='bbox 675 1975 1009 2060; x_wconf 85' lang='lat' dir='ltr'>»expellendorum«;</span> <span class='ocrx_word' id='word_1_150' title='bbox 1040 1977 1101 2044; x_wconf 86' lang='lat' dir='ltr'>lin.</span> 
     </span>
     <span class='ocr_line' id='line_1_20' title="bbox 104 2058 950 2147; baseline -0.002 -24"><span class='ocrx_word' id='word_1_151' title='bbox 104 2062 229 2144; x_wconf 86' lang='lat' dir='ltr'>penult.</span> <span class='ocrx_word' id='word_1_152' title='bbox 251 2064 342 2124; x_wconf 91' lang='lat' dir='ltr'>etin</span> <span class='ocrx_word' id='word_1_153' title='bbox 364 2065 424 2140; x_wconf 88' lang='lat' dir='ltr'>iis,</span> <span class='ocrx_word' id='word_1_154' title='bbox 455 2083 539 2147; x_wconf 84' lang='lat' dir='ltr'>quae</span> <span class='ocrx_word' id='word_1_155' title='bbox 560 2072 763 2144; x_wconf 79' lang='lat' dir='ltr'>sequuntur:</span> <span class='ocrx_word' id='word_1_156' title='bbox 797 2058 950 2142; x_wconf 82' lang='grc' dir='ltr'><strong><em>ὀμφαλόν.</em></strong></span> 
     </span>
     <span class='ocr_line' id='line_1_21' title="bbox 7 2143 1104 2250; baseline 0 -42"><span class='ocrx_word' id='word_1_157' title='bbox 7 2201 10 2250; x_wconf 73' lang='lat'>,</span> <span class='ocrx_word' id='word_1_158' title='bbox 62 2143 138 2232; x_wconf 75' lang='lat' dir='ltr'>Peg.</span> <span class='ocrx_word' id='word_1_159' title='bbox 162 2149 220 2224; x_wconf 79' lang='lat' dir='ltr'>te,</span> <span class='ocrx_word' id='word_1_160' title='bbox 250 2143 293 2208; x_wconf 83' lang='lat' dir='ltr'>ud</span> <span class='ocrx_word' id='word_1_161' title='bbox 315 2165 370 2225; x_wconf 85' lang='lat' dir='ltr'>ea,</span> <span class='ocrx_word' id='word_1_162' title='bbox 403 2167 488 2230; x_wconf 84' lang='lat' dir='ltr'>quse</span> <span class='ocrx_word' id='word_1_163' title='bbox 509 2145 550 2210; x_wconf 86' lang='lat' dir='ltr'>de</span> <span class='ocrx_word' id='word_1_164' title='bbox 570 2147 673 2210; x_wconf 85' lang='lat' dir='ltr'>verbo</span> <span class='ocrx_word' id='word_1_165' title='bbox 696 2143 849 2222; x_wconf 66' lang='lat' dir='ltr'>caldebroc</span> <span class='ocrx_word' id='word_1_166' title='bbox 864 2144 953 2232; x_wconf 88' lang='lat' dir='ltr'>dixi.</span> <span class='ocrx_word' id='word_1_167' title='bbox 998 2144 1104 2210; x_wconf 87' lang='lat' dir='ltr'>Error</span> 
     </span>
     <span class='ocr_line' id='line_1_22' title="bbox 7 2228 1103 2314; baseline 0 -22"><span class='ocrx_word' id='word_1_168' title='bbox 7 2253 9 2262; x_wconf 61' lang='lat'><strong>¹</strong></span> <span class='ocrx_word' id='word_1_169' title='bbox 104 2239 173 2306; x_wconf 85' lang='lat' dir='ltr'>est,</span> <span class='ocrx_word' id='word_1_170' title='bbox 196 2228 285 2312; x_wconf 89' lang='lat' dir='ltr'>quod</span> <span class='ocrx_word' id='word_1_171' title='bbox 306 2233 446 2309; x_wconf 85' lang='lat' dir='ltr'>rettuli,</span> <span class='ocrx_word' id='word_1_172' title='bbox 469 2231 573 2296; x_wconf 86' lang='lat' dir='ltr'>schol.</span> <span class='ocrx_word' id='word_1_173' title='bbox 593 2231 747 2314; x_wconf 84' lang='lat' dir='ltr'>Apollon.</span> <span class='ocrx_word' id='word_1_174' title='bbox 772 2239 806 2293; x_wconf 92' lang='lat' dir='ltr'>et</span> <span class='ocrx_word' id='word_1_175' title='bbox 826 2231 939 2312; x_wconf 83' lang='lat' dir='ltr'>Eurip.</span> <span class='ocrx_word' id='word_1_176' title='bbox 962 2231 1103 2292; x_wconf 83' lang='lat' dir='ltr'>alteram</span> 
     </span>
     <span class='ocr_line' id='line_1_23' title="bbox 8 2313 1102 2398; baseline 0 -22"><span class='ocrx_word' id='word_1_177' title='bbox 8 2317 9 2324; x_wconf 74' lang='grc'>’</span> <span class='ocrx_word' id='word_1_178' title='bbox 103 2315 259 2376; x_wconf 77' lang='lat' dir='ltr'>vocabuli</span> <span class='ocrx_word' id='word_1_179' title='bbox 286 2325 413 2398; x_wconf 83' lang='lat' dir='ltr'>partem</span> <span class='ocrx_word' id='word_1_180' title='bbox 445 2314 588 2378; x_wconf 83' lang='lat' dir='ltr'>averbo</span> <span class='ocrx_word' id='word_1_181' title='bbox 616 2315 694 2376; x_wconf 77' lang='grc' dir='ltr'><strong><em>ἰέναι</em></strong></span> <span class='ocrx_word' id='word_1_182' title='bbox 721 2313 853 2376; x_wconf 87' lang='lat' dir='ltr'>ductam</span> <span class='ocrx_word' id='word_1_183' title='bbox 877 2334 945 2376; x_wconf 84' lang='lat' dir='ltr'>esse</span> <span class='ocrx_word' id='word_1_184' title='bbox 975 2321 1102 2393; x_wconf 85' lang='lat' dir='ltr'>putare,</span> 
     </span>
     <span class='ocr_line' id='line_1_24' title="bbox 103 2396 1105 2483; baseline 0.004 -28"><span class='ocrx_word' id='word_1_185' title='bbox 103 2415 180 2456; x_wconf 86' lang='lat' dir='ltr'>nam</span> <span class='ocrx_word' id='word_1_186' title='bbox 209 2397 246 2457; x_wconf 92' lang='lat' dir='ltr'>hi</span> <span class='ocrx_word' id='word_1_187' title='bbox 268 2417 399 2480; x_wconf 86' lang='lat' dir='ltr'>quoqne</span> <span class='ocrx_word' id='word_1_188' title='bbox 420 2400 586 2483; x_wconf 76' lang='lat' dir='ltr'>originem</span> <span class='ocrx_word' id='word_1_189' title='bbox 609 2401 677 2477; x_wconf 87' lang='lat' dir='ltr'>ejus</span> <span class='ocrx_word' id='word_1_190' title='bbox 705 2417 746 2459; x_wconf 81' lang='lat' dir='ltr'>ex</span> <span class='ocrx_word' id='word_1_191' title='bbox 775 2398 878 2460; x_wconf 84' lang='lat' dir='ltr'>verbo</span> <span class='ocrx_word' id='word_1_192' title='bbox 906 2396 984 2457; x_wconf 73' lang='lat' dir='ltr'>iebus</span> <span class='ocrx_word' id='word_1_193' title='bbox 1006 2417 1105 2480; x_wconf 85' lang='lat' dir='ltr'>repe·</span> 
     </span>
     <span class='ocr_line' id='line_1_25' title="bbox 101 2487 395 2540; baseline 0 -1"><span class='ocrx_word' id='word_1_194' title='bbox 101 2487 188 2540; x_wconf 89' lang='lat' dir='ltr'>tunt.</span> <span class='ocrx_word' id='word_1_195' title='bbox 388 2503 395 2518; x_wconf 87' lang='lat'><strong>·</strong></span> 
     </span>
    </p>

    <p class='ocr_par' dir='ltr' id='par_1_3' title="bbox 58 2561 1127 4086">
     <span class='ocr_line' id='line_1_26' title="bbox 58 2561 1108 2647; baseline -0.002 -21"><span class='ocrx_word' id='word_1_196' title='bbox 58 2599 103 2614; x_wconf 89' lang='lat'>-</span> <span class='ocrx_word' id='word_1_197' title='bbox 124 2561 168 2626; x_wconf 80' lang='lat' dir='ltr'>ed</span> <span class='ocrx_word' id='word_1_198' title='bbox 179 2562 236 2626; x_wconf 92' lang='lat' dir='ltr'>Vs.</span> <span class='ocrx_word' id='word_1_199' title='bbox 249 2562 322 2630; x_wconf 82' lang='lat' dir='ltr'>tot.</span> <span class='ocrx_word' id='word_1_200' title='bbox 347 2565 454 2647; x_wconf 74' lang='lat' dir='ltr'>Quum</span> <span class='ocrx_word' id='word_1_201' title='bbox 477 2563 646 2631; x_wconf 82' lang='lat' dir='ltr'>dicebam:</span> <span class='ocrx_word' id='word_1_202' title='bbox 672 2561 772 2644; x_wconf 73' lang='grc' dir='ltr'><strong><em>»παρ’</em></strong></span> <span class='ocrx_word' id='word_1_203' title='bbox 801 2561 890 2628; x_wconf 79' lang='grc' dir='ltr'><em>οὐδὲν</em></span> <span class='ocrx_word' id='word_1_204' title='bbox 916 2561 1108 2646; x_wconf 73' lang='grc' dir='ltr'><strong><em>ἐργάζεσθαί</em></strong></span> 
     </span>
     <span class='ocr_line' id='line_1_27' title="bbox 101 2643 1103 2731; baseline 0.002 -22"><span class='ocrx_word' id='word_1_205' title='bbox 101 2671 132 2709; x_wconf 82' lang='grc' dir='ltr'>τι</span> <span class='ocrx_word' id='word_1_206' title='bbox 165 2646 290 2710; x_wconf 85' lang='lat' dir='ltr'>dictum</span> <span class='ocrx_word' id='word_1_207' title='bbox 327 2659 365 2712; x_wconf 89' lang='lat' dir='ltr'>ut</span> <span class='ocrx_word' id='word_1_208' title='bbox 401 2643 482 2731; x_wconf 79' lang='grc' dir='ltr'><strong>παρ’</strong></span> <span class='ocrx_word' id='word_1_209' title='bbox 517 2647 604 2713; x_wconf 71' lang='grc' dir='ltr'><em>οὐδὲν</em></span> <span class='ocrx_word' id='word_1_210' title='bbox 633 2649 783 2712; x_wconf 76' lang='grc' dir='ltr'>τίθεσθαί</span> <span class='ocrx_word' id='word_1_211' title='bbox 814 2667 867 2710; x_wconf 74' lang='lat' dir='ltr'>cs«</span> <span class='ocrx_word' id='word_1_212' title='bbox 882 2696 893 2725; x_wconf 89' lang='lat'>,</span> <span class='ocrx_word' id='word_1_213' title='bbox 940 2648 1103 2725; x_wconf 88' lang='lat' dir='ltr'>nolebam,</span> 
     </span>
     <span class='ocr_line' id='line_1_28' title="bbox 101 2733 1104 2814; baseline 0 -20"><span class='ocrx_word' id='word_1_214' title='bbox 101 2734 279 2814; x_wconf 83' lang='lat' dir='ltr'>utriusque</span> <span class='ocrx_word' id='word_1_215' title='bbox 302 2733 459 2797; x_wconf 84' lang='lat' dir='ltr'>dictionis</span> <span class='ocrx_word' id='word_1_216' title='bbox 479 2733 615 2796; x_wconf 85' lang='lat' dir='ltr'>eandem</span> <span class='ocrx_word' id='word_1_217' title='bbox 637 2737 706 2798; x_wconf 83' lang='lat' dir='ltr'>vim</span> <span class='ocrx_word' id='word_1_218' title='bbox 728 2754 824 2812; x_wconf 82' lang='lat' dir='ltr'>esse,</span> <span class='ocrx_word' id='word_1_219' title='bbox 866 2742 904 2795; x_wconf 90' lang='lat' dir='ltr'>ut</span> <span class='ocrx_word' id='word_1_220' title='bbox 923 2733 976 2795; x_wconf 85' lang='lat' dir='ltr'>vel</span> <span class='ocrx_word' id='word_1_221' title='bbox 1000 2735 1104 2794; x_wconf 89' lang='lat' dir='ltr'>inter-</span> 
     </span>
     <span class='ocr_line' id='line_1_29' title="bbox 101 2815 1105 2902; baseline 0.002 -26"><span class='ocrx_word' id='word_1_222' title='bbox 101 2818 250 2900; x_wconf 83' lang='lat' dir='ltr'>pretatio</span> <span class='ocrx_word' id='word_1_223' title='bbox 289 2819 393 2880; x_wconf 77' lang='lat' dir='ltr'>letina</span> <span class='ocrx_word' id='word_1_224' title='bbox 423 2817 545 2882; x_wconf 88' lang='lat' dir='ltr'>docere</span> <span class='ocrx_word' id='word_1_225' title='bbox 575 2829 694 2902; x_wconf 83' lang='lat' dir='ltr'>potest.</span> <span class='ocrx_word' id='word_1_226' title='bbox 768 2819 882 2882; x_wconf 88' lang='lat' dir='ltr'>Verbo</span> <span class='ocrx_word' id='word_1_227' title='bbox 914 2815 1105 2900; x_wconf 68' lang='grc' dir='ltr'>ἑργάζισθαι</span> 
     </span>
     <span class='ocr_line' id='line_1_30' title="bbox 102 2903 1104 2992; baseline 0.003 -29"><span class='ocrx_word' id='word_1_228' title='bbox 102 2921 177 2963; x_wconf 86' lang='lat' dir='ltr'>eam</span> <span class='ocrx_word' id='word_1_229' title='bbox 197 2903 264 2964; x_wconf 87' lang='lat' dir='ltr'>vim</span> <span class='ocrx_word' id='word_1_230' title='bbox 286 2904 512 2981; x_wconf 76' lang='lat' dir='ltr'>tribuebam,</span> <span class='ocrx_word' id='word_1_231' title='bbox 535 2923 618 2987; x_wconf 87' lang='lat' dir='ltr'>quae</span> <span class='ocrx_word' id='word_1_232' title='bbox 641 2905 745 2992; x_wconf 85' lang='lat' dir='ltr'>magis</span> <span class='ocrx_word' id='word_1_233' title='bbox 773 2905 911 2986; x_wconf 83' lang='lat' dir='ltr'>propria</span> <span class='ocrx_word' id='word_1_234' title='bbox 932 2911 981 2964; x_wconf 88' lang='lat' dir='ltr'>est</span> <span class='ocrx_word' id='word_1_235' title='bbox 1003 2903 1104 2966; x_wconf 85' lang='lat' dir='ltr'>verbo</span> 
     </span>
     <span class='ocr_line' id='line_1_31' title="bbox 101 2984 1105 3071; baseline 0.001 -25"><span class='ocrx_word' id='word_1_236' title='bbox 101 2987 291 3068; x_wconf 84' lang='lat' dir='ltr'>composito</span> <span class='ocrx_word' id='word_1_237' title='bbox 313 2984 567 3070; x_wconf 70' lang='grc' dir='ltr'><em>ἀπεργάζεσθαι,</em></span> <span class='ocrx_word' id='word_1_238' title='bbox 611 3009 717 3071; x_wconf 85' lang='lat' dir='ltr'>neque</span> <span class='ocrx_word' id='word_1_239' title='bbox 745 2986 781 3050; x_wconf 88' lang='lat' dir='ltr'>id</span> <span class='ocrx_word' id='word_1_240' title='bbox 803 2997 946 3065; x_wconf 84' lang='lat' dir='ltr'>temere,</span> <span class='ocrx_word' id='word_1_241' title='bbox 991 3007 1105 3068; x_wconf 83' lang='lat' dir='ltr'>quam-</span> 
     </span>
     <span class='ocr_line' id='line_1_32' title="bbox 100 3071 1104 3158; baseline 0.003 -28"><span class='ocrx_word' id='word_1_242' title='bbox 100 3087 202 3152; x_wconf 81' lang='lat' dir='ltr'>quem</span> <span class='ocrx_word' id='word_1_243' title='bbox 226 3071 313 3152; x_wconf 90' lang='lat' dir='ltr'>apud</span> <span class='ocrx_word' id='word_1_244' title='bbox 335 3076 479 3158; x_wconf 77' lang='lat' dir='ltr'>tragicos</span> <span class='ocrx_word' id='word_1_245' title='bbox 501 3083 615 3156; x_wconf 84' lang='lat' dir='ltr'>poetas</span> <span class='ocrx_word' id='word_1_246' title='bbox 643 3092 721 3136; x_wconf 81' lang='lat' dir='ltr'>sane</span> <span class='ocrx_word' id='word_1_247' title='bbox 749 3072 877 3133; x_wconf 89' lang='lat' dir='ltr'>nullum</span> <span class='ocrx_word' id='word_1_248' title='bbox 910 3072 1005 3150; x_wconf 84' lang='lat' dir='ltr'>hujus</span> <span class='ocrx_word' id='word_1_249' title='bbox 1026 3087 1104 3133; x_wconf 83' lang='lat' dir='ltr'>usus</span> 
     </span>
     <span class='ocr_line' id='line_1_33' title="bbox 99 3153 1104 3242; baseline 0 -26"><span class='ocrx_word' id='word_1_250' title='bbox 99 3155 289 3237; x_wconf 83' lang='lat' dir='ltr'>exemplum</span> <span class='ocrx_word' id='word_1_251' title='bbox 316 3175 539 3240; x_wconf 80' lang='lat' dir='ltr'>reppererem.</span> <span class='ocrx_word' id='word_1_252' title='bbox 594 3157 694 3220; x_wconf 88' lang='lat' dir='ltr'>Nunc</span> <span class='ocrx_word' id='word_1_253' title='bbox 724 3153 853 3219; x_wconf 86' lang='lat' dir='ltr'>demum</span> <span class='ocrx_word' id='word_1_254' title='bbox 886 3157 953 3217; x_wconf 91' lang='lat' dir='ltr'>loci</span> <span class='ocrx_word' id='word_1_255' title='bbox 983 3174 1104 3242; x_wconf 83' lang='lat' dir='ltr'>magno</span> 
     </span>
     <span class='ocr_line' id='line_1_34' title="bbox 100 3238 1105 3322; baseline -0.001 -22"><span class='ocrx_word' id='word_1_256' title='bbox 100 3257 207 3322; x_wconf 84' lang='lat' dir='ltr'>opere</span> <span class='ocrx_word' id='word_1_257' title='bbox 235 3243 355 3302; x_wconf 87' lang='lat' dir='ltr'>tentati</span> <span class='ocrx_word' id='word_1_258' title='bbox 383 3262 498 3304; x_wconf 86' lang='lat' dir='ltr'>veram</span> <span class='ocrx_word' id='word_1_259' title='bbox 529 3241 792 3304; x_wconf 87' lang='lat' dir='ltr'>emendationem</span> <span class='ocrx_word' id='word_1_260' title='bbox 825 3238 991 3302; x_wconf 84' lang='lat' dir='ltr'>invenisse</span> <span class='ocrx_word' id='word_1_261' title='bbox 1020 3239 1105 3300; x_wconf 76' lang='lat' dir='ltr'>inihi</span> 
     </span>
     <span class='ocr_line' id='line_1_35' title="bbox 98 3321 1127 3411; baseline -0.005 -24"><span class='ocrx_word' id='word_1_262' title='bbox 98 3321 234 3387; x_wconf 86' lang='lat' dir='ltr'>videor.</span> <span class='ocrx_word' id='word_1_263' title='bbox 296 3323 457 3387; x_wconf 88' lang='lat' dir='ltr'>Mendum</span> <span class='ocrx_word' id='word_1_264' title='bbox 479 3345 547 3388; x_wconf 89' lang='lat' dir='ltr'>non</span> <span class='ocrx_word' id='word_1_265' title='bbox 568 3329 604 3388; x_wconf 90' lang='lat' dir='ltr'>in</span> <span class='ocrx_word' id='word_1_266' title='bbox 624 3323 770 3411; x_wconf 78' lang='grc' dir='ltr'><em>ἠρκὲσω,</em></span> <span class='ocrx_word' id='word_1_267' title='bbox 813 3323 871 3386; x_wconf 91' lang='lat' dir='ltr'>ubi</span> <span class='ocrx_word' id='word_1_268' title='bbox 901 3322 1008 3385; x_wconf 86' lang='lat' dir='ltr'>adhuc</span> <span class='ocrx_word' id='word_1_269' title='bbox 1035 3324 1127 3402; x_wconf 83' lang='lat' dir='ltr'>ejus-</span> 
     </span>
     <span class='ocr_line' id='line_1_36' title="bbox 96 3405 1106 3492; baseline -0.006 -21"><span class='ocrx_word' id='word_1_270' title='bbox 96 3406 197 3471; x_wconf 85' lang='lat' dir='ltr'>sedes</span> <span class='ocrx_word' id='word_1_271' title='bbox 219 3411 470 3492; x_wconf 77' lang='lat' dir='ltr'>quaerebatur,</span> <span class='ocrx_word' id='word_1_272' title='bbox 495 3411 552 3474; x_wconf 88' lang='lat' dir='ltr'>sed</span> <span class='ocrx_word' id='word_1_273' title='bbox 574 3411 609 3471; x_wconf 92' lang='lat' dir='ltr'>in</span> <span class='ocrx_word' id='word_1_274' title='bbox 629 3407 812 3492; x_wconf 77' lang='grc' dir='ltr'><strong><em>πιστώματα</em></strong></span> <span class='ocrx_word' id='word_1_275' title='bbox 833 3410 925 3472; x_wconf 76' lang='lat' dir='ltr'>lutet.</span> <span class='ocrx_word' id='word_1_276' title='bbox 989 3405 1106 3469; x_wconf 82' lang='lat' dir='ltr'>Scribe</span> 
     </span>
     <span class='ocr_line' id='line_1_37' title="bbox 96 3483 1106 3575; baseline 0 -23"><span class='ocrx_word' id='word_1_277' title='bbox 96 3513 170 3560; x_wconf 83' lang='lat' dir='ltr'>una</span> <span class='ocrx_word' id='word_1_278' title='bbox 202 3494 301 3556; x_wconf 83' lang='lat' dir='ltr'>litera</span> <span class='ocrx_word' id='word_1_279' title='bbox 334 3503 482 3562; x_wconf 73' lang='lat' dir='ltr'>munta:</span> <span class='ocrx_word' id='word_1_280' title='bbox 523 3493 763 3575; x_wconf 79' lang='grc' dir='ltr'><strong><em>πιστώματι.</em></strong></span> <span class='ocrx_word' id='word_1_281' title='bbox 829 3494 940 3556; x_wconf 86' lang='lat' dir='ltr'>Verba</span> <span class='ocrx_word' id='word_1_282' title='bbox 969 3483 1106 3573; x_wconf 60' lang='lat' dir='ltr'>siudps&#39;</span> 
     </span>
     <span class='ocr_line' id='line_1_38' title="bbox 99 3574 1107 3664; baseline -0.002 -26"><span class='ocrx_word' id='word_1_283' title='bbox 99 3574 200 3656; x_wconf 78' lang='grc' dir='ltr'><strong><em>ἄτιμα</em></strong></span> <span class='ocrx_word' id='word_1_284' title='bbox 228 3581 370 3641; x_wconf 83' lang='lat' dir='ltr'>fortiore</span> <span class='ocrx_word' id='word_1_285' title='bbox 404 3580 673 3664; x_wconf 85' lang='lat' dir='ltr'>interpunctione</span> <span class='ocrx_word' id='word_1_286' title='bbox 703 3601 722 3642; x_wconf 87' lang='lat' dir='ltr'>a</span> <span class='ocrx_word' id='word_1_287' title='bbox 755 3579 965 3664; x_wconf 84' lang='lat' dir='ltr'>sequentibus</span> <span class='ocrx_word' id='word_1_288' title='bbox 998 3595 1107 3638; x_wconf 83' lang='lat' dir='ltr'>secer·</span> 
     </span>
     <span class='ocr_line' id='line_1_39' title="bbox 97 3660 1106 3747; baseline 0.002 -27"><span class='ocrx_word' id='word_1_289' title='bbox 97 3661 213 3724; x_wconf 88' lang='lat' dir='ltr'>nenda</span> <span class='ocrx_word' id='word_1_290' title='bbox 239 3673 331 3739; x_wconf 91' lang='lat' dir='ltr'>sunt,</span> <span class='ocrx_word' id='word_1_291' title='bbox 374 3662 503 3747; x_wconf 90' lang='lat' dir='ltr'>dequo</span> <span class='ocrx_word' id='word_1_292' title='bbox 524 3664 592 3729; x_wconf 84' lang='lat' dir='ltr'>vid.</span> <span class='ocrx_word' id='word_1_293' title='bbox 613 3663 795 3730; x_wconf 83' lang='lat' dir='ltr'>Bernhard.</span> <span class='ocrx_word' id='word_1_294' title='bbox 820 3661 955 3744; x_wconf 83' lang='lat' dir='ltr'>Syntax.</span> <span class='ocrx_word' id='word_1_295' title='bbox 980 3681 1011 3743; x_wconf 91' lang='lat' dir='ltr'>p.</span> <span class='ocrx_word' id='word_1_296' title='bbox 1033 3660 1106 3723; x_wconf 82' lang='lat'><strong>285.</strong></span> 
     </span>
     <span class='ocr_line' id='line_1_40' title="bbox 95 3742 1107 3836; baseline -0.002 -31"><span class='ocrx_word' id='word_1_297' title='bbox 95 3744 220 3807; x_wconf 89' lang='lat' dir='ltr'>Dictio</span> <span class='ocrx_word' id='word_1_298' title='bbox 239 3743 321 3830; x_wconf 78' lang='grc' dir='ltr'><strong>παρ’</strong></span> <span class='ocrx_word' id='word_1_299' title='bbox 341 3745 428 3812; x_wconf 74' lang='grc' dir='ltr'><em>οὐδὲν</em></span> <span class='ocrx_word' id='word_1_300' title='bbox 446 3746 615 3832; x_wconf 70' lang='grc' dir='ltr'><strong><em>ἀρκεῖσθαι</em></strong></span> <span class='ocrx_word' id='word_1_301' title='bbox 631 3745 742 3836; x_wconf 81' lang='grc' dir='ltr'><em>Ἥρας</em></span> <span class='ocrx_word' id='word_1_302' title='bbox 761 3753 815 3811; x_wconf 82' lang='grc' dir='ltr'><strong><em>καί</em></strong></span> <span class='ocrx_word' id='word_1_303' title='bbox 832 3745 914 3820; x_wconf 78' lang='grc' dir='ltr'><em>Διὸς</em></span> <span class='ocrx_word' id='word_1_304' title='bbox 934 3742 1107 3822; x_wconf 60' lang='grc' dir='ltr'><em>πιστώματα</em></span> 
     </span>
     <span class='ocr_line' id='line_1_41' title="bbox 94 3829 1107 3918; baseline -0.002 -30"><span class='ocrx_word' id='word_1_305' title='bbox 94 3831 290 3916; x_wconf 73' lang='lat' dir='ltr'>significats</span> <span class='ocrx_word' id='word_1_306' title='bbox 313 3855 394 3896; x_wconf 91' lang='lat' dir='ltr'>non</span> <span class='ocrx_word' id='word_1_307' title='bbox 416 3835 693 3918; x_wconf 79' lang='lat' dir='ltr'>acquiescere</span> <span class='ocrx_word' id='word_1_308' title='bbox 715 3836 760 3894; x_wconf 91' lang='lat' dir='ltr'>in</span> <span class='ocrx_word' id='word_1_309' title='bbox 781 3833 868 3896; x_wconf 85' lang='lat' dir='ltr'>fide</span> <span class='ocrx_word' id='word_1_310' title='bbox 890 3851 963 3914; x_wconf 84' lang='lat' dir='ltr'>per</span> <span class='ocrx_word' id='word_1_311' title='bbox 983 3829 1107 3890; x_wconf 80' lang='lat' dir='ltr'>duno·</span> 
     </span>
     <span class='ocr_line' id='line_1_42' title="bbox 95 3913 1106 3982; baseline 0.001 -7"><span class='ocrx_word' id='word_1_312' title='bbox 95 3925 272 3976; x_wconf 85' lang='lat' dir='ltr'>n·nm·et</span> <span class='ocrx_word' id='word_1_313' title='bbox 292 3915 436 3982; x_wconf 87' lang='lat' dir='ltr'>Jovem</span> <span class='ocrx_word' id='word_1_314' title='bbox 470 3919 579 3982; x_wconf 88' lang='lat' dir='ltr'>data.</span> <span class='ocrx_word' id='word_1_315' title='bbox 644 3920 694 3981; x_wconf 91' lang='lat' dir='ltr'>De</span> <span class='ocrx_word' id='word_1_316' title='bbox 725 3937 763 3981; x_wconf 87' lang='lat' dir='ltr'>re</span> <span class='ocrx_word' id='word_1_317' title='bbox 792 3920 927 3981; x_wconf 86' lang='lat' dir='ltr'>consule</span> <span class='ocrx_word' id='word_1_318' title='bbox 958 3913 1106 3976; x_wconf 78' lang='lat' dir='ltr'>Lobeclr.</span> 
     </span>
     <span class='ocr_line' id='line_1_43' title="bbox 93 3999 848 4086; baseline 0.009 -27"><span class='ocrx_word' id='word_1_319' title='bbox 93 3999 268 4086; x_wconf 78' lang='lat' dir='ltr'>Aglaoph.</span> <span class='ocrx_word' id='word_1_320' title='bbox 300 4023 332 4074; x_wconf 81' lang='lat' dir='ltr'>p.</span> <span class='ocrx_word' id='word_1_321' title='bbox 356 4007 438 4082; x_wconf 79' lang='lat'>650,</span> <span class='ocrx_word' id='word_1_322' title='bbox 471 4004 653 4086; x_wconf 77' lang='lat' dir='ltr'>adnutu).</span> <span class='ocrx_word' id='word_1_323' title='bbox 847 4053 848 4060; x_wconf 15' lang='grc' dir='ltr'><strong>κ</strong></span> 
     </span>
    </p>

    <p class='ocr_par' dir='ltr' id='par_1_4' title="bbox 37 4077 1107 4172">
     <span class='ocr_line' id='line_1_44' title="bbox 37 4077 1107 4172; baseline -0.007 -22"><span class='ocrx_word' id='word_1_324' title='bbox 37 4127 90 4140; x_wconf 89' lang='lat'>-</span> <span class='ocrx_word' id='word_1_325' title='bbox 116 4089 187 4164; x_wconf 86' lang='lat'>50,</span> <span class='ocrx_word' id='word_1_326' title='bbox 220 4083 262 4146; x_wconf 83' lang='lat' dir='ltr'>ed</span> <span class='ocrx_word' id='word_1_327' title='bbox 283 4083 341 4152; x_wconf 85' lang='lat' dir='ltr'>Vs.</span> <span class='ocrx_word' id='word_1_328' title='bbox 364 4092 437 4156; x_wconf 81' lang='lat'>217.</span> <span class='ocrx_word' id='word_1_329' title='bbox 460 4090 566 4172; x_wconf 77' lang='lat' dir='ltr'>Quum</span> <span class='ocrx_word' id='word_1_330' title='bbox 590 4086 737 4152; x_wconf 84' lang='lat' dir='ltr'>dubitari</span> <span class='ocrx_word' id='word_1_331' title='bbox 757 4088 880 4170; x_wconf 79' lang='lat' dir='ltr'>possit,</span> <span class='ocrx_word' id='word_1_332' title='bbox 916 4101 993 4144; x_wconf 87' lang='lat' dir='ltr'>num</span> <span class='ocrx_word' id='word_1_333' title='bbox 1015 4077 1107 4143; x_wconf 67' lang='lat' dir='ltr'>atior</span> 
     </span>
    </p>
   </div>
   <div class='ocr_carea' id='block_1_3' title="bbox 857 4221 901 4294">
    <p class='ocr_par' dir='ltr' id='par_1_5' title="bbox 857 4221 901 4294">
     <span class='ocr_line' id='line_1_45' title="bbox 857 4221 901 4294; baseline 0 0"><span class='ocrx_word' id='word_1_334' title='bbox 857 4221 901 4294; x_wconf 87' lang='grc'>16</span> 
     </span>
    </p>
   </div>
   <div class='ocr_carea' id='block_1_4' title="bbox 0 0 1330 4688">
    <p class='ocr_par' dir='ltr' id='par_1_6' title="bbox 0 0 1330 4688">
     <span class='ocr_line' id='line_1_46' title="bbox 0 0 1330 4688; baseline 0 4"><span class='ocrx_word' id='word_1_335' title='bbox 0 0 1330 4688; x_wconf 95' lang='lat' dir='ltr'> </span> 
     </span>
    </p>
   </div>
  </div>
 </body>
</html>
