2794 4692
1045 365 1160 442 XCIX

132 529 253 608 subito
271 542 458 625 comparet
473 530 602 630 Apollo
615 529 678 624 ⁹⁷).
720 533 886 610 Minerva
902 559 1009 637 aegre
1025 537 1160 634 ferens,

131 630 229 709 hunc
254 654 292 704 se
314 631 387 722 rei,
420 656 510 728 quae
533 632 625 706 nihil
651 633 696 707 ad
721 634 839 728 ipsum
864 637 1065 732 pertineat,
1090 639 1160 714 im·

132 731 291 806 miscere
315 733 427 823 velle,
464 757 548 806 eum
573 732 673 830 jubet
697 733 840 827 dicore,
866 735 956 831 quid
975 737 1045 836 ipsi
1071 764 1159 814 curn

131 830 201 908 huo
226 856 355 908 caussa
381 833 429 908 sit
445 830 505 925 ⁹⁸).
531 901 533 906 .

235 1077 292 1116 uon
315 1060 462 1115 admodum
484 1059 618 1131 placeat,
654 1067 712 1114 tum
735 1059 916 1116 vehementer
939 1061 1061 1132 dubito,
1093 1079 1158 1119 num

225 1130 323 1186 'uerba
348 1127 404 1184 εἴτ’
424 1120 489 1196 aiv,
525 1145 598 1198 quae
615 1143 660 1183 me
676 1145 732 1182 non
750 1129 864 1183 memini
883 1145 997 1203 usquam
1017 1134 1057 1188 ita
1074 1150 1159 1188 usur·

233 1197 467 1323 nstitit*
492 1196 947 1324 ”hithltn‘oetitlln'd‘
964 1201 1000 1284 ἃ)
1017 1203 1159 1258 ⁶⁰⁰¹⁰¹¹¹¹⁶¹

913 1286 997 1324 eurr
1018 1286 1158 1326 summus:

235 1335 269 1392 εἰ
283 1334 318 1390 δ’
333 1327 408 1402 oia,
434 1283 555 1404 tissime
580 1354 606 1388 a.
623 1354 648 1390 r.
666 1332 712 1388 hl
753 1335 813 1388 cn.
834 1334 971 1406 Sophocl.
989 1340 1085 1410 Antig.
1104 1341 1157 1398 Vs.

139 1409 149 1430 ⁸
233 1409 293 1462 222.
335 1405 368 1460 Si
386 1401 636 1473 uerbumrap'puooa
659 1418 713 1455 nou
738 1403 826 1458 aliter
847 1406 941 1488 accipi
966 1407 1059 1479 possit
1076 1426 1159 1479 quam

235 1478 272 1530 de
289 1472 562 1556 pronunciando
581 1472 705 1536 dictum,
731 1488 784 1540 ego
802 1479 965 1542 statuerim,
989 1493 1158 1548 praeconem

234 1543 334 1599 audito
359 1542 508 1595 Mineruae
532 1541 660 1594 mandato
684 1539 765 1593 abire
787 1540 823 1594 (le
846 1555 931 1596 scena
957 1554 1042 1614 atque
1065 1560 1157 1615 extra,

234 1612 351 1678 scilicet
368 1627 422 1680 per
439 1609 556 1676 urbem,
580 1620 609 1662 et
626 1607 855 1679 pronunciantem
871 1622 901 1665 et
919 1612 985 1666 tuba
1002 1627 1157 1682 canentem,

234 1680 309 1734 illud
326 1676 458 1746 exsequi.
494 1676 552 1731 Sed
569 1675 725 1748 putaverim
744 1678 857 1746 potius,
883 1676 1023 1747 κήρυωειν
1039 1684 1094 1738 hoc
1113 1686 1158 1737 lo-

235 1766 270 1804 co
295 1747 429 1803 universe
455 1761 606 1802 sonaret*
629 1745 825 1818 praeconis
859 1764 1001 1804 munere
1035 1753 1158 1822 iungis
1271 1791 1273 1798 >

234 1819 319 1886 quale
337 1827 430 1871 autem
447 1815 590 1883 negotium
615 1814 645 1869 iu
668 1815 723 1869 hac
739 1814 803 1885 ipsa
820 1829 919 1871 caussa
938 1818 1157 1889 intelligendum

233 1888 291 1951 sit,
316 1884 432 1940 verbis:
460 1891 506 1938 aut
522 1880 639 1952 otonis·
654 1881 825 1964 αατεργᾰθου
841 1887 1003 1941 accuratius
1021 1889 1156 1955 deliniri,

233 1955 357 2022 denique
383 1953 569 2022 sequentibus
595 1953 691 2006 uerbis
716 1953 897 2021 significari,
933 1956 1002 2022 quid
1019 1959 1157 2028 agendum

232 2025 273 2080 sit
290 2025 325 2078 ad
344 2024 418 2078 illud
437 2022 579 2092 negotium
598 2019 817 2093 perficiendum,
841 2033 872 2078 ut
890 2039 1000 2079 uersum
1018 2031 1068 2082 637
1088 2045 1156 2098 pro-

231 2093 332 2148 babile
350 2093 388 2146 sit
426 2108 460 2145 er
495 2091 644 2146 articulum
661 2089 691 2145 di
710 2105 772 2144 cum
791 2094 979 2161 praecedente
997 2110 1155 2150 connexum

231 2163 331 2217 luisse.
373 2109 455 2216 Asido
474 2109 528 2241 hoc
545 2175 641 2240 unum..
681 2158 714 2214 Si
733 2160 926 2241 populusnnec
944 2165 1025 2219 adest
1042 2167 1155 2220 omnino

230 2248 284 2287 nec
301 2233 402 2286 adesse
424 2228 543 2298 fingitur
563 2257 596 2270 -
633 2228 662 2281 rd
681 2228 756 2295 quod
774 2243 922 2296 quominus
948 2245 1073 2289 sumatur
1095 2250 1156 2288 mea
1211 2251 1215 2265 t

230 2300 373 2356 sententia
397 2298 471 2353 nihil
497 2296 634 2368 impedit,
668 2297 749 2364 (quin
776 2298 858 2352 immo
875 2301 1017 2358 monuerit
1039 2301 1156 2370 aliquis,

231 2387 286 2425 non
305 2371 341 2423 de
365 2367 458 2423 nihilo
477 2381 559 2432 esse,
595 2365 669 2433 quod
689 2366 817 2419 Minerva
841 2367 879 2420 iis
897 2369 1015 2438 verbis,
1051 2374 1155 2440 quibus

231 2436 366 2510 praeconi
385 2437 512 2499 mandat,
543 2443 573 2488 ut
591 2435 659 2488 tuba
675 2433 857 2504 Tyrrhenica
875 2446 988 2502 utatur,
1025 2439 1089 2510 ipsa
1106 2457 1156 2495 so·

230 2523 295 2562 uum
313 2504 395 2561 illius
413 2514 562 2577 penetrare
580 2502 738 2572 significet)
756 2531 804 2567 -,
823 2519 927 2568 praeco
946 2506 1036 2572 igitur
1053 2524 1154 2563 curare

180 2571 188 2586 ‘
229 2579 366 2646 jubetur,
398 2586 429 2628 ut
446 2571 654 2628 multitudinem
673 2579 756 2625 extra
773 2587 883 2625 scenam
901 2571 930 2628 in
949 2577 1020 2630 urbe
1038 2593 1154 2631 uersan-

230 2659 286 2701 tem
306 2645 369 2716 ipse
387 2643 415 2696 in
433 2657 519 2696 scena
536 2640 695 2696 subsistens
717 2657 734 2694 a
753 2641 867 2706 iudicio
883 2654 999 2711 arceat,
1035 2647 1081 2700 uel
1100 2662 1155 2716 per
1198 2652 1200 2656 '

229 2729 261 2770 se
279 2723 493 2768 consentaneum
511 2721 556 2766 est
580 2723 710 2775 sumere,
746 2725 808 2762 eum
825 2727 881 2766 uon
898 2712 980 2767 simul
1005 2730 1055 2768 sua
1073 2731 1154 2782 voce,

229 2784 281 2840 aix
299 2783 354 2837 illa
370 2779 439 2836 satis
457 2781 542 2848 longe
557 2789 741 2849 penetrante,
776 2779 826 2832 sed
851 2782 914 2834 sola
940 2782 1005 2836 tuba
1024 2784 1154 2856 Tyrrhe-

229 2853 314 2919 uica,
344 2862 444 2974 utpote
461 2851 542 2917 cujus
561 2863 658 2902 sonum
678 2859 732 2902 tam
749 2863 841 2902 acrem
860 2861 944 2916 atque
962 2853 1155 2909 uehementem

230 2922 358 2990 cogitare
390 2921 478 2986 iceat,
518 2928 548 2972 ut
566 2933 604 2971 ex
621 2933 687 2971 arce
704 2932 757 2987 per
774 2918 873 2971 urbem
896 2918 991 2974 audiri
1014 2923 1152 2992 potuerit,

230 3001 355 3046 utentem
384 2987 464 3058 fingi.
517 2985 627 3042 Verbis
652 2996 743 3042 autem
770 2986 882 3040 omnino
903 3003 957 3042 non
983 3005 1056 3061 opus
1082 3002 1154 3058 erat,

229 3071 261 3115 ut
288 3056 466 3126 intelligeret
493 3055 637 3126 populus,
672 3070 739 3110 erce
765 3065 794 3110 et
817 3055 928 3122 jndicio
954 3057 1150 3115 abstinendum

229 3143 309 3192 esse,
342 3143 424 3195 quum
443 3127 513 3180 haec
533 3139 579 3178 res
598 3125 662 3205 ipso
679 3124 762 3246 mopo
780 3126 847 3179 tuba
864 3127 983 3182 cauendi
1001 3131 1066 3184 solo
1082 3129 1152 3185 satis

227 3209 307 3254 certo
325 3194 486 3264 significari
505 3204 642 3264 potuerat.
658 3239 660 3246 .
677 3191 716 3247 Se
754 3194 825 3247 haec
843 3195 987 3270 hactenus.
1038 3231 1041 3238 ι

229 3291 311 3346 Unde
338 3287 449 3344 venerit
476 3287 585 3358 Apollo
613 3294 641 3341 et
668 3287 807 3352 quomodo
832 3287 1005 3354 advenerit,
1040 3289 1154 3355 quaerit

228 3360 407 3416 Gemellus
420 3358 445 3410 l.
463 3373 489 3410 c.
515 3373 542 3426 p.
560 3355 620 3409 234.
672 3354 727 3408 (lui
747 3372 830 3424 quum
849 3356 878 3410 id
896 3357 985 3412 facile
1001 3358 1152 3426 assentiar,

228 3430 310 3485 deum
328 3445 383 3483 uon
403 3441 456 3498 per
472 3431 566 3478 a'e'rem
584 3424 750 3488 advenisse,
770 3441 824 3478 non
843 3441 956 3496 possum
975 3423 1063 3480 tamen
1083 3445 1152 3482 con·

227 3501 348 3565 cedere,
366 3494 448 3551 brevi
465 3503 530 3549 aute
547 3493 582 3547 ad
601 3493 757 3547 Mineruam
774 3494 922 3549 detersum
937 3497 992 3562 jam
1012 3497 1096 3563 hujus
1114 3514 1153 3551 ex

226 3569 297 3623 aede
316 3567 345 3623 in
364 3579 474 3621 scenam
494 3559 618 3634 prodire.
671 3562 698 3616 E
715 3572 807 3617 mente
829 3576 930 3633 poetae
948 3565 1017 3618 deus
1036 3564 1149 3620 initium

224 3636 328 3706 judicii
352 3636 382 3690 iu
401 3631 507 3689 vicinia
533 3629 632 3702 templi
651 3630 787 3685 Minervii
811 3641 994 3704 exspectasse
1019 3635 1151 3703 cogitan-

225 3710 279 3763 dus
301 3715 364 3771 est,
399 3703 576 3772 quodquam
601 3699 719 3770 primum
738 3700 845 3756 instare
862 3702 971 3767 sensit,
1006 3704 1150 3770 accurrite

225 3779 262 3832 ab
281 3788 344 3833 utra
362 3786 442 3846 parte
461 3768 641 3853 proscenium
659 3767 807 3850 ingressus
826 3770 883 3852 sit,
908 3771 979 3853 pel,
1010 3787 1073 3826 uum
1091 3772 1152 3828 elia

124 3867 128 3886 =
226 3846 291 3912 via,
317 3859 398 3914 quam
416 3841 532 3898 solitum
550 3849 629 3904 erat,
661 3839 745 3894 bodie
762 3855 876 3895 nescire
893 3842 973 3895 licet.
1040 3878 1043 3888 ·

146 3941 192 4010 98)
227 3940 289 3994 Gir.
308 3938 375 3994 Vas.
392 3937 444 3992 sss
463 3943 492 3990 et
508 3934 577 4000 sed,
603 3933 855 4000 questurum,
882 3951 937 3989 noa
955 3933 1067 4001 Furiis,
1096 3935 1152 3991 tri·

229 4006 355 4064 bueados
377 4022 459 4070 esse,
493 4006 549 4071 jnm
574 4002 604 4056 iu
621 4003 736 4057 Aduott·
763 4021 791 4074 p.
810 4006 860 4060 197
878 4019 921 4071 sq.
937 4003 1071 4058 monitum
1089 4012 1152 4070 est;

227 4079 281 4134 cir.
304 4075 388 4132 etiam
409 4088 496 4144 supra
522 4089 550 4144 p.
568 4072 612 4141 L,
638 4072 794 4130 adnot-dd.
847 4070 1023 4128 Grauissima
1040 4088 1151 4142 caussa,
1241 4100 1244 4107 ·

894 4196 943 4291 g„
