2794 4692
180 371 182 378 ⁴
229 335 328 427 xclt

226 523 427 624 parricida)
448 521 521 618 ⁸⁹).*
544 524 647 616 ¹(Str.
666 524 717 614 2).
745 549 798 584 -·-·
860 529 956 604 Esse
977 526 1045 602 nbi
1076 543 1251 625 oporteat,

226 644 266 706 ut
300 627 357 718 id,
402 624 496 724 quod
527 640 689 699 metuere
724 625 855 722 faciat,
900 643 1059 702 mentem
1094 630 1250 726 afficiat5

226 730 349 804 animo
385 726 576 824 impotenti
614 726 816 801 conducere
846 729 1007 804 sedatum
1044 731 1253 811 modestum

225 830 307 905 lieri
341 827 546 928 angustiis3
605 853 719 924 neque
761 827 889 922 enim,
933 830 966 904 si
996 831 1143 906 omnino
1176 855 1251 907 non

136 965 140 985 ·
226 931 394 1008 numum
427 927 664 1025 tranquillum
697 945 733 1002 et
765 953 936 1004 serenum
973 931 1126 1024 aluerit,
1170 933 1250 1009 sive

223 1032 412 1108 civitatem
456 1029 533 1106 sive
582 1028 768 1126 privatum
812 1029 1013 1124 similiter,
1068 1033 1249 1129 justitiam

223 1137 386 1208 culturos
430 1157 507 1207 csse
532 1127 594 1223 ⁹⁰).
642 1132 818 1220 (Antistr.
845 1136 908 1227 2).
996 1138 1092 1209 Eam
1129 1133 1248 1210 vitam

221 1233 436 1310 laudandam
477 1257 583 1325 esse,
634 1255 724 1327 quae
760 1233 897 1330 pariter
932 1234 977 1309 ab
1013 1233 1247 1310 effrenatione

222 1361 332 1433 quam
366 1361 387 1410 a
421 1339 596 1410 servitute
630 1331 756 1427 distet3
805 1334 928 1429 omni,
963 1335 1056 1432 quod
1081 1336 1247 1412 medium
1332 1327 1336 1340 ⁸

221 1436 290 1528 sit,
317 1436 482 1512 divinum
507 1457 641 1508 numen
667 1434 921 1510 auctoritatem
945 1437 1128 1530 tribuere,
1156 1437 1245 1516 alio-

221 1563 308 1612 rum
342 1539 431 1612 vero
468 1536 579 1612 aliam
617 1559 748 1609 curam
784 1561 922 1636 gerere.
995 1540 1246 1640 Congruenter

218 1637 359 1714 dimum
392 1663 487 1714 esse:
540 1634 765 1733 impietatem
800 1640 1060 1716 contumeliam
1101 1665 1242 1736 parere,

218 1742 325 1816 sede
356 1766 442 1817 sano
482 1737 627 1835 (probo)
653 1737 776 1812 animo
802 1739 1014 1814 felicitatem
1040 1741 1240 1838 provenire.

218 1839 312 1929 (Str.
331 1843 384 1934 3).
445 1838 602 1915 Omnino
624 1863 663 1912 se
683 1853 848 1914 auctores
874 1866 950 1916 esse
976 1867 1062 1918 arae
1084 1841 1242 1938 justitiae

218 1943 437 2018 reverendae
453 1966 520 2016 nec
537 1963 623 2035 praa
642 1939 738 2013 lucri
757 1941 921 2037 cupidine
936 1942 1083 2039 pedibus
1099 1947 1242 2040 procul·

218 2044 370 2137 candae;
413 2067 501 2118 nam
527 2040 684 2137 alioquin
707 2065 850 2136 poenas⁴
864 2042 995 2119 dandas
1020 2069 1107 2119 esse.
1162 2046 1240 2120 Ma-

215 2171 304 2220 nere
330 2144 551 2237 discrimen3
598 2155 816 2238 quapropter
848 2145 964 2220 cuivis
996 2145 1060 2220 uni
1093 2146 1241 2220 suaden-

215 2245 303 2321 dum
336 2272 413 2321 esse
430 2262 481 2320 ut
511 2256 675 2342 parentes
707 2260 917 2319 revereatur
948 2261 984 2322 et
1014 2247 1070 2342 jus
1095 2247 1241 2343 hospitii

215 2352 320 2424 colat.
344 2347 584 2441 (Antinoi).
637 2342 772 2438 Siquis
796 2361 917 2420 autem
942 2350 1058 2440 ultro,
1086 2374 1158 2422 non
1179 2373 1240 2422 oo-

214 2467 334 2544 aetus,
380 2446 588 2547 insinuit,
635 2445 739 2520 valde
763 2445 911 2523 felicem
936 2449 1037 2541 fore,
1078 2449 1240 2524 funditus

233 2697 279 2762 89)
313 2696 444 2751 Redeunt
461 2695 584 2765 Furiae,
620 2695 750 2752 adalind
769 2700 960 2765 argumentum
978 2693 1167 2763 transiturae,
1199 2695 1236 2750 ad

313 2765 360 2833 id,
378 2767 454 2833 quod
471 2768 507 2821 ab
525 2765 611 2822 initio
627 2766 657 2821 in
677 2767 795 2836 stropha
812 2765 904 2836 prima
921 2765 1143 2836 praedixerant,
1169 2778 1236 2819 sen·

314 2835 431 2892 tentiam
457 2851 578 2891 nervose
603 2835 784 2892 absolventes
808 2835 907 2888 eadem
933 2851 965 2890 re
988 2835 1085 2890 verbis
1108 2834 1236 2906 paullum

312 2903 463 2960 maturatis
479 2905 573 2960 denuo
591 2905 745 2960 inculcata.

230 3001 276 3066 9⁰)
311 2997 417 3053 Locum
435 2998 542 3072 passim
580 3002 658 3056 aullo
676 3000 764 3055 aliter
780 2997 954 3068 accepimus,
973 3013 1053 3067 quern
1073 2997 1102 3052 in
1119 2997 1234 3052 lldnott.

310 3087 339 3142 p.
358 3069 408 3122 1⁰9
425 3085 487 3137 sqq.
533 3019 712 3126 Vdcabulum
729 3067 827 3138 dputes
851 3069 886 3122 ed
905 3066 1100 3123 antecedentia
1119 3068 1234 3122 trahen-

310 3139 374 3191 dum
393 3149 453 3205 est,
480 3137 533 3194 cir.
552 3142 649 3208 Agara.
668 3140 719 3195 Vs.
736 3141 788 3206 tt,
807 3138 934 3209 Choeplt.
952 3137 1002 3192 Vs.
1020 3139 1089 3202 333,
1116 3135 1234 3190 Eumen.

310 3207 363 3262 Vs.
382 3209 440 3262 268.
491 3206 590 3263 Verba
616 3207 646 3262 ἒν
670 3205 734 3276 φάει
760 3209 899 3275 quomodo
925 3209 978 3261 hoc
1002 3206 1068 3259 loco
1094 3205 1234 3277 capienda

309 3276 389 3342 siut,
424 3277 597 3332 demonstrat
621 3278 799 3360 oppositum:
826 3280 909 3345 ptura.
961 3277 1041 3343 Ergo
1068 3291 1121 3328 nec
1147 3276 1233 3328 scho-

308 3346 411 3400 liastae
435 3346 636 3418 interpretatio
661 3349 716 3416 ullo
739 3348 805 3401 loco
831 3363 848 3399 a
871 3346 955 3400 nobis
985 3346 1136 3415 proposita
1160 3343 1232 3398 satis

307 3423 439 3469 accurata
465 3425 527 3484 est,
561 3434 614 3471 uec
642 3417 792 3485 exempla,
828 3431 901 3483 quae
926 3415 960 3468 ad
992 3430 1070 3468 usum
1097 3413 1231 3468 vocabuli

307 3483 506 3539 illustrandum
542 3487 765 3554 congessimus,
811 3484 923 3538 omnino
957 3485 1122 3551 quadrent,
1171 3481 1232 3538 nisi

306 3569 379 3621 quae
402 3555 583 3609 econtrario
601 3557 746 3626 desumpta
774 3564 857 3620 sunt,
892 3553 928 3607 de
946 3553 1050 3619 quibus
1068 3551 1232 3606 conferatur

306 3621 388 3676 etiarn
416 3621 665 3681 Dissenii'ednot.
694 3627 727 3679 ad
755 3623 840 3677 Pind.
866 3640 894 3694 p.
911 3623 963 3676 64³
988 3639 1031 3689 sq.
1068 3622 1113 3675 ed.
1142 3619 1229 3676 Gotb.

241 3691 245 3706 ’
305 3692 438 3746 Poteram
458 3709 524 3747 vero
542 3695 637 3763 aptius
654 3709 736 3761 quam
752 3693 833 3746 locos
852 3708 889 3745 ex
908 3691 1053 3762 Aeschylo
1070 3702 1099 3744 et
1116 3689 1230 3771 Sopho-

306 3763 352 3816 cle
369 3763 493 3829 petitos‚
512 3765 561 3829 qui
580 3763 785 3818 dubitationem
804 3760 926 3827 habent,
946 3787 979 3802 -
1002 3761 1038 3814 de
1055 3769 1230 3833 posteriore,

304 3846 320 3883 e
339 3832 422 3885 nobis
439 3832 600 3886 memoriter
618 3833 717 3898 citato,
747 3831 801 3884 vid.
819 3830 983 3884 Ellendt.
1002 3829 1075 3882 Lex.
1093 3829 1231 3898 Sophocl.

304 3899 338 3952 T.
357 3901 403 3962 ΙΙ,
431 3917 453 3953 s.
471 3919 495 3956 v.
520 3898 605 3968 peior,
633 3933 667 3945 -
702 3899 841 3954 adhibere
865 3899 1075 3968 Euripideum,
1109 3898 1158 3966 qui
1186 3907 1231 3953 est

303 3967 405 4042 Suppl.
423 3969 473 4025 Vs.
491 3971 561 4038 set,
589 3987 642 4025 nac
659 3968 853 4024 Ellendtio
878 3967 1119 4039 praetermissum.
1155 3966 1230 4020 Pro·

325 4040 370 4094 ius
394 4039 429 4093 ad
455 4039 505 4106 ld,
525 4039 615 4104 'quod
634 4041 781 4104 volumus,
816 4037 930 4092 accedit
947 4035 1056 4090 locutio
1073 4035 1230 4092 Pindarice

308 4111 427 4174 Avertat
442 4104 475 4164 sd
492 4106 611 4182 pardpo'v
628 4105 715 4181 prior,
742 4110 840 4178 fragm.
856 4104 959 4163 incert.
977 4109 1039 4162 126.
