2770 4690
1096 340 1171 425 lli.

133 539 172 599 ot
215 549 361 623 sperare
385 505 613 599 auderemus
646 520 685 594 in
722 497 927 617 comotione
964 520 1074 596 nimis
1105 511 1149 604 ex

132 673 286 749 arbitrio
310 673 501 771 pendente,
544 669 702 745 crastino
727 693 791 744 nos
823 671 919 768 ipsos
945 661 1150 746 creffit'uros

130 847 208 898 esse
240 823 321 917 die,
367 821 461 920 quod
495 806 604 895 hodie
636 822 856 897 confidenter
893 823 1148 920 posuissemus,

132 998 222 1070 quae
252 953 418 1050 veroin
450 971 520 1047 hoc
555 956 693 1070 genere
719 987 819 1048 certa
851 971 971 1049 uideri
994 989 1148 1070 possent,

130 1095 208 1218 jam
239 1121 284 1199 ab
313 1123 394 1200 aliis
419 1137 592 1222 occupata
610 1111 753 1216 essent,
798 1113 972 1198 maxime
987 1121 1032 1238 ab
1058 1125 1149 1198 Hor·

16 1361 20 1370 ,
130 1295 305 1390 manno„
422 1273 424 1278 ’
1097 1238 1099 1244 ¹

230 1389 424 1502 Ceterum
440 1423 714 1517 Adnotationes,
760 1413 849 1538 quas
888 1421 931 1498 de
973 1422 1149 1502 industria

125 1597 202 1647 non
227 1599 371 1672 semper
405 1592 489 1650 sunt
515 1601 580 1653 suo
614 1577 695 1652 loco
719 1571 937 1670 aut-positae
961 1573 1149 1674 aut-abso·
1238 1683 1240 1690 y

125 1723 246 1814 tutae,
291 1721 495 1798 maximam
520 1736 662 1819 partem
693 1723 769 1819 jam
793 1736 940 1818 exeunte
963 1723 1150 1820 praeteriti

127 1871 215 1948 anni
239 1887 372 1949 aestate
396 1872 491 1974 typis
515 1886 708 1972 expressae
731 1887 844 1953 eraut.
895 1875 952 1960 nx
976 1897 1045 1970 quo
1069 1871 1152 1948 inde

89 2059 93 2064 ·
125 2031 293 2118 tempore
324 2047 414 2120 quae
445 2019 577 2096 studiis
601 2019 696 2095 haud
726 2019 943 2099 intermissis
975 2023 1033 2097 vel
1057 1983 1152 2102 nova

123 2169 223 2246 mihi
246 2172 425 2248 inuenisse
448 2171 548 2247 visus
572 2196 673 2264 sum,
699 2175 757 2248 vel
780 2174 858 2268 jam
883 2172 1066 2270 disputatis
1092 2145 1153 2250 ad·
1233 2143 1235 2146 Ι

125 2321 263 2415 denda,
288 2324 347 2399 vel
368 2324 518 2422 denique
542 2323 663 2399 in'his
689 2319 925 2422 corrigenda,
951 2323 1087 2420 partim
1112 2324 1153 2398 in

124 2476 307 2552 Auctario
331 2448 615 2552 Adnotationum
641 2474 707 2549 suh
731 2474 871 2548 calcem
891 2471 978 2546 libri
1001 2471 1151 2570 adjecto,
1167 2481 1171 2518 ’-

122 2625 265 2726 partim
288 2624 327 2700 in
355 2625 728 2719 Commentationibus
760 2624 953 2727 exegeticis
980 2649 1045 2700 suo
1071 2629 1153 2704 loco

123 2790 422 2852 commemorata
456 2789 548 2850 sunt.
610 2771 679 2849 His
713 2771 913 2849 scribendis
947 2775 1154 2874 interpretis

121 2925 296 3021 muneri,
337 2942 508 3024 quatenus
534 2925 568 3001 ei
596 2951 669 3006 non
694 2924 781 2999 satis
806 2929 1035 3023 prospectum
1062 2942 1155 3004 esset

121 3080 162 3154 in
197 3077 517 3171 Adnotationibus,
563 3077 628 3154 ubi
660 3101 834 3180 magnam
865 3051 1005 3171 partem
1036 3076 1155 3174 potius

120 3226 271 3304 criticis
296 3216 603 3326 disquisitionibus
629 3199 778 3324 operaris
804 3224 953 3317 natavi,
988 3240 1095 3322 prout
1118 3239 1157 3302 et

70 3337 75 3356 Ι
120 3402 184 3451 res
211 3374 379 3477 flagitare
410 3377 596 3462 videretur
629 3394 665 3454 et
694 3403 760 3476 per
790 3377 1001 3452 facultatem
1017 3351 1157 3454 ¹meam

120 3522 210 3598 lieri
237 3539 374 3631 posset,
401 3525 611 3602 satisfacere
634 3523 765 3608 studui,
808 3571 810 3580 =

218 3672 399 3770 Denique,
425 3701 538 3771 quum
559 3671 698 3751 librum
722 3674 862 3748 huncce
878 3698 952 3748 non
970 3683 1155 3749 commen-

120 3821 212 3896 dem
239 3819 440 3924 philologis,
466 3841 601 3901 utnon
623 3827 778 3924 vapulet,
801 3822 833 3899 si
855 3796 1156 3920 merestonper-

119 3971 245 4046 velim
262 3984 384 4046 tamen
405 3971 494 4050 haec
512 3990 635 4051 nostra
658 3999 766 4072 opera
780 3957 819 4048 in
835 3973 1009 4070 Aeschyli
1025 3975 1155 4048 sume
