2796 4694
252 353 304 436 tl

251 528 462 596 measvslli
492 527 913 612 possuntasequcntibus,
947 525 1075 611 quius*
1183 527 1271 595 'culs

252 615 455 700 demonstrat
473 613 758 691 luculentissime,·
779 613 988 678 antecessisse
1005 615 1070 693 jam
1126 614 1190 674 'am
1210 633 1272 678 vo-

252 700 362 767 esbuli
382 693 510 776 lsuopds
538 698 810 779 explicationem?
851 697 890 759 Si
908 716 989 761 vero
1015 697 1187 780 probabile
1208 705 1271 774 est,

251 783 351 846 verba
367 783 476 844 ἰιααιῑν
497 779 643 862 ἄθροισιν
662 789 789 864 partem
803 783 934 844 efficere
946 781 1074 867 glossas
1086 777 1128 842 ad
1140 776 1274 860 λευσμόν

196 931 204 950 ,
251 864 457 947 adscriptae,
494 883 561 926 uon
592 873 699 947 potest
724 885 794 928 esse
820 864 1053 946 improbabile,
1093 865 1196 928 stiam
1220 883 1272 926 se-

252 951 402 1033 quentias
435 946 633 1032 Ἡρωδιανὸς
662 949 695 1010 δὲ
714 944 748 1012 sd
771 946 910 1029 σύστημα
930 950 984 1011 καὶ
1004 943 1165 1029 ἄθροισμα
1192 967 1269 1030 per-
1379 1019 1380 1036 ρ

250 1035 358 1096 tinere
378 1029 503 1111 ecdem,
524 1053 589 1115 qno
610 1034 681 1110 illa,
702 1052 802 1114 quum
821 1054 888 1096 non
908 1033 981 1094 sine
1000 1035 1108 1113 specie
1128 1030 1273 1113 quadam
1379 1039 1380 1058 l

249 1118 324 1181 veri
350 1135 477 1178 sumere
505 1118 624 1193 liceat,
655 1115 869 1194 scholiasten,
902 1113 992 1198 quod
1022 1116 1087 1178 boc
1118 1114 1194 1178 loco
1208 1147 1212 1158 =
1226 1115 1270 1178 ds

248 1200 354 1262 malis·
373 1219 558 1264 sermonem
585 1219 654 1262 esse
673 1197 820 1275 videret,
851 1208 985 1282 reperto
1005 1198 1165 1262 vocabulo
1186 1217 1268 1260 non·
1379 1211 1380 1244 l

249 1284 324 1362 nisi
344 1285 509 1346 cumulum
535 1284 758 1369 significante,
786 1281 834 1348 ds·
852 1285 912 1348 suo
940 1280 1105 1346 addidisse
1130 1283 1270 1346 verbum
1379 1293 1380 1374 ᾗ

249 1369 365 1443 κακῶν,
387 1387 429 1430 ue
448 1369 578 1430 scilicet
596 1381 693 1428 sensu
712 1387 846 1450 prorsus
868 1368 958 1430 omni
977 1367 1107 1450 phrasis
1128 1375 1267 1430 careret.
1379 1377 1380 1432 Ξ

331 1449 556 1532 Expendamus
601 1452 667 1530 jam
704 1451 901 1514 scholiastae
929 1449 1032 1516 verba
1071 1451 1266 1513 accuratius.

249 1535 392 1617 Scripsit
411 1537 530 1622 igitur:
557 1532 696 1614 λιοσμόν)
717 1537 820 1597 κακῶν
840 1533 1005 1618 ἄθροισιν,
1032 1531 1266 1613 ἢλιθοβολίαν.
1379 1569 1380 1572 ¹

248 1617 445 1700 Ἡρωδιανὸς
465 1619 497 1680 'dd
516 1614 551 1698 vd
573 1616 712 1699 σύστημα
732 1621 786 1680 καὶ
805 1617 976 1702 ἄθροισμα.
1021 1618 1066 1680 At
1084 1619 1267 1680 enimvero
1379 1687 1380 1694 ρ

249 1712 387 1786 quaerat
414 1704 552 1786 aliquis,
581 1702 744 1785 quomodo
766 1701 1005 1766 diversissimae
1034 1701 1096 1763 hae
1123 1703 1268 1782 explica-

248 1789 358 1850 tiones
383 1797 531 1869 speetare
558 1789 684 1868 possint
703 1785 745 1850 ad
772 1807 874 1848 unum
900 1785 1051 1868 idemque
1071 1784 1268 1849 vocabulum

248 1866 387 1949 λεσσμὸι.
438 1869 535 1951 Quod
555 1868 695 1935 laudabo
716 1869 883 1954 equidem,
913 1871 1036 1952 siquis
1058 1869 1105 1930 ita
1132 1865 1267 1930 demon-

114 1960 141 1976 '‘
248 1955 414 2029 straverit,
435 1962 474 2014 ut
493 1954 664 2034 scrupulus
685 1955 795 2016 nullus
815 1955 1031 2036 relinquatur.
1076 1949 1173 2015 Certe
1192 1971 1267 2015 ver·
1379 2001 1380 2012 ,

248 2037 326 2098 bum
347 2033 476 2115 λεοσμός
488 2037 545 2119 qui
560 2037 698 2099 alteram
716 2038 990 2124 significationem
1011 2035 1131 2100 habers
1149 2037 1266 2116 possit,

247 2119 479 2184 difficillimum
507 2117 598 2181 dictu
625 2129 693 2199 est,
723 2123 753 2182 si
780 2121 999 2201 veriloquium
1029 2127 1172 2202 spectes,
1205 2139 1266 2182 nec

249 2201 342 2272 aliud
362 2204 587 2264 testimouium
606 2203 655 2266 sic
675 2201 870 2268 adhibitum,
882 2205 982 2267 fuisse
1002 2201 1108 2266 docet.
1149 2201 1215 2266 Sed
1235 2204 1266 2264 si

246 2307 314 2350 non
334 2295 430 2369 turpe
451 2296 502 2350 est
522 2287 683 2348 hariolari
703 2289 739 2348 in
760 2287 914 2364 tenebris,
936 2284 1134 2368 respondeo,
1155 2283 1266 2352 videri

247 2390 343 2454 posse
370 2368 472 2450 illud‚'
508 2389 607 2473 quum
633 2372 675 2436 ab
702 2369 895 2436 Herodiano
923 2369 1053 2434 dicatur
1078 2371 1267 2456 significare

246 2450 282 2523 vd
311 2452 449 2534 σύστημα
480 2457 533 2522 sci
562 2461 740 2537 ἄθροισμα,
777 2455 954 2519 cohaerere
990 2474 1063 2517 cnm
1102 2454 1265 2517 voeabula
1379 2465 1380 2474 ’

239 2537 369 2616 Ηώς,
399 2537 520 2616 tofis,
592 2538 681 2601 oda
705 2541 880 2606 verborum
907 2541 1010 2620 stirpe
1029 2536 1167 2604 AAF-
1195 2541 1265 2603 sive

247 2621 383 2692 ΑΒΕ-ν
406 2621 550 2686 deduces
573 2643 628 2686 um
656 2632 722 2702 est,
751 2627 805 2688 eui
826 2623 902 2693 talis
922 2624 974 2686 vis
1000 2624 1102 2693 luerit,
1121 2629 1263 2703 oportet.

247 2707 316 2772 Gir.
348 2706 542 2770 vocabulum
568 2708 700 2782 πλῆθος.
763 2707 884 2773 Latina
914 2725 979 2770 vox
1007 2707 1184 2789 populus
1221 2703 1265 2768 ad

246 2788 384 2858 eandem
410 2787 555 2853 radicem
580 2793 746 2872 pertinere
772 2788 922 2868 videtur,
957 2808 1022 2873 quo
1047 2786 1161 2874 uelde,
1190 2787 1264 2869 σι’μ-

246 2879 360 2954 σλημι,
399 2873 492 2955 plus,
525 2874 611 2955 plee.
672 2872 764 2936 Idem
792 2874 881 2938 valet
907 2871 947 2938 de
972 2873 1132 2938 vocabulo
1160 2869 1262 2957 ὄχλος,

246 2967 329 3022 teste
350 2956 552 3020 Cretensium
572 2958 672 3024 verbo
692 2954 824 3042 σι’λχοο,
879 2978 990 3026 rorem
1011 2955 1145 3036 eodem
1174 2957 1264 3039 qnod

247 3039 333 3108 illud
356 3041 557 3110 ctLatinum
576 3042 733 3126 volgus.
777 3042 830 3123 Qu
885 3061 965 3106 vero
978 3040 1115 3106 verbum
1133 3037 1264 3122 lwopdp

245 3127 310 3206 jam
337 3125 419 3190 alibi
446 3145 513 3188 uon
542 3126 709 3207 reperitur
730 3126 792 3188 bae
811 3125 1050 3212 significatione
1076 3123 1263 3207 praeditum

124 3249 125 3252 =
246 3227 359 3276 caussa
378 3228 445 3274 uon
465 3218 515 3274 est
541 3208 678 3287 idonea,
705 3229 765 3276 cur
784 3208 820 3270 id
841 3211 921 3275 olim
949 3211 984 3272 io
1004 3227 1068 3275 usu
1085 3210 1185 3279 luisse
1204 3229 1263 3274 ne·

245 3310 366 3378 gemus.
410 3292 498 3373 Quin
524 3295 633 3356 rarius
659 3294 759 3356 inisse
786 3302 821 3357 et
847 3295 954 3357 minua
982 3301 1112 3368 notum,
1147 3293 1202 3360 val
1221 3312 1263 3358 ax

247 3395 288 3438 eo
308 3375 503 3442 concludere
529 3377 626 3455 licet,
657 3378 745 3461 quod
766 3375 808 3446 ad
827 3374 1013 3442 Herodiaui
1033 3377 1263 3444 auctoritatam

246 3468 406 3541 provocat
426 3460 536 3527 homo.
619 3479 622 3486 ’
740 3475 743 3486 ’
1010 3491 1018 3498 ›
1204 3459 1207 3476 '

329 3539 395 3606 Sed
421 3563 552 3615 manum
580 3543 622 3608 de
648 3544 771 3608 tabule.
813 3545 1013 3611 Probtlimns
1032 3553 1141 3618 antam
1168 3545 1262 3622 baec,

247 3645 332 3714 quaa
351 3627 462 3708 qualia
481 3630 565 3704 sint,
593 3632 658 3710 ipsi
678 3630 781 3711 probe
800 3630 936 3705 scimus,
958 3649 999 3690 ne
1019 3625 1100 3710 quid
1121 3630 1262 3694 inteuta-

245 3719 316 3774 tum
336 3709 523 3774 videremur
553 3712 725 3794 reliquisse
744 3710 786 3774 ad
806 3713 906 3778 verba
933 3713 1144 3789 scholiastae,
1165 3731 1262 3794 quae

245 3814 399 3882 maguum
429 3803 505 3862 sunt
534 3795 733 3876 praesidium
767 3798 835 3862 loci
862 3795 1035 3875 Aeschylei
1065 3794 1262 3862 emendandi
1379 3853 1380 3876 ,

245 3885 344 3961 atque
365 3876 568 3959 explicandi,
596 3878 754 3941 servanda
773 3889 812 3942 ut
830 3880 930 3964 vulgo
961 3879 1125 3966 leguntur.
1186 3877 1261 3944 Jaut
1379 3895 1380 3906 ¹

246 3963 259 4024 i
282 3964 311 4023 si
333 3969 450 4024 nostra·
464 3962 575 4024 vineta
588 3961 766 4028 caedemus.
808 3963 850 4030 Et
866 3963 1010 4044 primum
1026 3958 1160 4046 quidem
1171 3958 1260 4044 quod

270 4046 407 4122 iximus,
448 4045 541 4110 verbi
576 4042 712 4137 ἀκρωνία
751 4048 915 4130 vulgatam
955 4046 1259 4128 mamentianos
1313 4039 1319 4047 ⁸
1379 4077 1380 4108 ;
