2728 4690
1035 343 1153 422 tot

107 525 258 607 syllabam
283 495 359 586 ιῗιὶἷ
382 523 553 604 irrepsisse
582 519 644 582 tibi
675 521 875 603 persuadeas.
938 517 1004 584 Sed
1031 521 1112 584 haas

108 611 266 672 haetenus.
308 609 383 670 Jam
402 626 483 672 vero
503 613 644 688 oportet,
664 613 702 666 ut
721 607 819 667 etiam
836 615 948 668 versus
966 607 1112 686 strophi-

107 713 158 754 cus
182 694 378 780 corrigatur.
432 688 519 770 Quid
546 693 647 752 vero?
688 689 807 751 Nonne
831 691 915 768 justo
946 693 1111 764 temerius,

106 784 274 856 utrumque
303 779 463 836 mutasse?
510 771 604 848 Non,
633 771 745 850 sodes,
778 776 904 856 opinor.
955 771 1020 836 Sed
1048 773 1112 834 hoo

106 861 224 940 ipsum,
245 855 333 941 qnod
353 869 483 918 nostrae
503 858 707 936 conjecturae
730 856 858 917 obstare
877 855 983 940 dicas,
1010 858 1112 917 mari-

105 963 185 1003 mam
205 943 238 1003 ei
256 941 389 1005 videtur
408 959 488 1022 prae
508 941 626 1002 esteris
645 938 951 1010 verisimilitudinis,
973 943 1113 1022 speciem

72 1099 75 1106 ι
106 1025 290 1088 conciliare.
333 1025 460 1105 Quippe
489 1044 616 1105 semper
635 1021 757 1085 offendi
783 1024 819 1084 in
839 1023 998 1088 vocabulo
1019 1019 1112 1085 eodi-

107 1132 211 1190 φρονι,
240 1107 281 1171 de
304 1128 367 1190 quo
393 1110 457 1188 jam
478 1105 721 1171 Wakefieldus:
753 1127 836 1168 »non
857 1106 959 1192 legi,‹<
992 1109 1110 1190 inquit,

108 1211 236 1272 »vocam
256 1194 322 1252 nisi
348 1191 434 1274 apud
457 1190 618 1271 Cyrillum
637 1189 893 1252 Alexandrinum
918 1199 1034 1252 contra
1054 1190 1112 1250 Ju-

105 1277 181 1340 lian.
205 1275 261 1336 lih.
283 1273 348 1354 111,
377 1297 407 1357 p.
431 1277 509 1340 103:
545 1271 606 1337 ἀλλ’
637 1271 761 1360 ἐπῄνεσε
786 1276 839 1354 μὲν
864 1269 916 1337 adr
936 1270 1112 1356 εὐθύφροια

105 1361 155 1420 sol
176 1358 295 1421 disemo
310 1357 440 1438 ''Apstn
486 1357 657 1422 Convertit
678 1359 747 1420 hier
774 1358 903 1441 probe
921 1360 1121 1434 animata,

106 1443 209 1525 qualis
229 1445 322 1504 notio
344 1444 450 1503 minos
467 1440 606 1525 quadrat
625 1451 772 1502 nostrum
790 1441 832 1504 ad
851 1442 975 1515 locum3
995 1443 1111 1526 vulgo:

106 1527 347 1602 benevolus,
368 1545 449 1608 quae
470 1526 667 1610 significatio
681 1528 803 1606 optime
818 1544 896 1587 sane
916 1543 985 1586 sese
1005 1525 1113 1600 habet,

105 1617 139 1688 at
157 1606 272 1670 dubito
292 1629 369 1670 num
399 1611 526 1670 subesse
551 1609 711 1671 vocabulo
737 1611 850 1690 possit.
907 1609 979 1690 Qua
1006 1607 1046 1669 de
1077 1627 1113 1670 ra

106 1692 170 1754 hoo
197 1691 328 1755 videtur
355 1694 410 1755 val
436 1693 582 1754 librariis
601 1693 655 1756 vel
670 1693 921 1755 scorrsctoribus
942 1691 1054 1762 deberi
1082 1699 1115 1752 at

105 1776 244 1862 munina
265 1785 379 1856 poetae
398 1795 511 1836 manus
531 1777 648 1838 fuisso:
670 1773 846 1859 εὔφρονι.
888 1775 953 1840 sed
970 1776 1114 1854 objicias,

104 1877 216 1924 vocem
239 1856 409 1939 ιύθὺφροιι
429 1857 559 1920 defendi
578 1860 632 1921 vel
653 1877 703 1938 eo,
725 1859 812 1943 quod
828 1879 925 1924 versu
945 1862 1007 1924 902
1028 1857 1125 1920 idem⁴

103 1941 296 2006 vocabulum
318 1951 476 2006 recurrat.
497 1947 500 1954 ’
527 1940 663 2004 Scilicet
693 1945 855 2026 isaperta
874 1953 1050 2024 corruptus:
1067 1949 1115 2002 est

105 2034 139 2087 et
163 2025 202 2086 ab
224 2026 413 2088 Hermanno
439 2029 487 2087 sid
508 2033 689 2104 correctns:
724 2031 806 2090 ἵλαοι
826 2027 858 2090 di
877 2029 930 2090 aei
956 2023 1034 2106 τᾷδ’
1059 2021 1115 2086 εὕ-

105 2131 249 2191 eponae
279 2110 336 2190 γᾷ,
365 2111 422 2170 ubi
448 2109 534 2170 nihil
563 2107 713 2189 dubium,
744 2114 823 2193 quin
851 2109 997 2194 εὔφρονες
1027 2117 1116 2172 certa
1206 2175 1208 2180 ,

101 2201 191 2340 reptes
218 2196 263 2255 sit
292 2194 488 2256 restitutum.
538 2190 1113 2282 Cf.1Aristoph.Thesmophor.Vs.

103 2279 142 2340 ll
191 2298 221 2339 ‘s
245 2301 275 2338 .=
527 2309 530 2316 ⁴
828 2307 831 2317 ·

221 2298 305 2436 gis&
328 2359 533 2442 εὔφρονες,
557 2364 681 2436 ἵλαοι,

226 2441 364 2517 πότνιαι,
388 2443 480 2514 ἄλσος
501 2444 532 2515 ἐς
553 2441 705 2524 ὑμέτερον.
791 2447 795 2454 “

102 2523 192 2585 Nota
219 2543 316 2602 vero,
347 2545 444 2607 quam
472 2526 607 2606 pulchre
635 2527 722 2589 idem
738 2529 940 2592 vocabulum
966 2538 999 2592 et
1021 2528 1061 2592 de
1081 2551 1117 2591 se

101 2617 261 2686 usurpent
280 2607 483 2670 deductores
503 2617 536 2672 et
555 2609 700 2674 vicissim
721 2608 763 2673 de
781 2613 1031 2692 numerantibus,
1060 2634 1116 2696 ap-

101 2693 271 2792 positequp
291 2711 424 2776 prorsus
445 2688 487 2752 ad
508 2693 567 2754 illa
589 2691 760 2758 Minervae
780 2697 890 2778 verba,
911 2697 1114 2782 Vs.946sq.:
1237 2767 1240 2774 Δ

227 2775 315 2846 rests
341 2771 400 2856 γὰρ
432 2773 631 2857 es'r'ppo‘oae
651 2781 664 2855 Η
686 2776 876 2862 εὔφρονες
905 2777 953 2844 ἀεὶ
976 2779 1051 2863 μέγα
1070 2804 1116 2843 τι-

669 2892 672 2902 ·
715 2879 721 2889 ’
810 2868 910 2938 nissae.

91 2941 185 3004 'Mox
207 2941 354 3022 codices,
384 2952 539 3030 quantum
561 2945 711 3030 equidem
730 2887 876 3026 vidam,
908 2967 1034 3024 omnes,
1063 2971 1117 3012 ex-

101 3036 199 3106 cepto
218 3045 285 3087 uno
307 3025 568 3108 Robortelliano,
596 3030 717 3094 habeut
735 3033 888 3113 πανδαμεί,
915 3035 982 3095 uon
1001 3034 1118 3098 neoda-

98 3111 159 3190 pes'.
210 3108 299 3170 illud
322 3111 490 3195 flagitabat
519 3112 728 3177 Blomfieldus
759 3117 795 3178 in
825 3120 923 3203 gloss.
955 3117 998 3179 ad
1027 3119 1115 3201 Sept

99 3191 177 3259 adv.
199 3192 303 3254 Theb.
332 3191 389 3254 Vs.
413 3195 490 3272 284,
526 3195 589 3258 hoe
616 3199 801 3262 Lobeclsius
832 3211 930 3283 atque
957 3201 1117 3264 Herman-

97 3293 181 3353 nus,
212 3276 291 3336 olim
313 3274 462 3358 quidem,
489 3297 593 3360 nuper
617 3291 726 3346 tamen
754 3283 809 3344 hie
836 3285 1055 3366 plurimorum
1076 3283 1117 3344 li-

96 3359 237 3421 brorum
266 3361 441 3421 lectionem
469 3366 637 3443 reposuit,
674 3368 836 3450 illapsae
863 3360 961 3450 super
988 3370 1050 3431 hae
1069 3387 1119 3447 re,

98 3443 286 3504 rationibus
314 3441 402 3504 haud
428 3445 648 3527 conficienda,
679 3449 894 3514 adnotaverat
913 3451 955 3514 ad
976 3455 1118 3534 Ajacem,

97 3527 223 3588 omisit.
780 3558 783 3568 ¹
971 3543 974 3550 '

183 3607 237 3670 Ad
269 3611 405 3673 alteram
432 3611 601 3695 stropham
628 3625 726 3698 etque
760 3617 999 3703 antistropham
1030 3615 1119 3702 quod

95 3692 236 3770 attinet,
271 3695 388 3776 primis
419 3697 590 3780 utriusque
618 3701 765 3762 versibus
800 3709 858 3780 ea,
890 3707 986 3789 quam
1018 3699 1119 3763 modo

96 3779 437 3854 commemoravimus,
458 3777 642 3842 Hermanni
662 3781 897 3863 emendations,
919 3789 1004 3868 justa
1023 3786 1120 3847 resti·

95 3861 175 3915 tuta
205 3865 253 3917 est
284 3865 461 3938 responsio.
519 3862 655 3928 Codices
687 3885 794 3931 mecm·
818 3872 935 3956 vulgos
967 3867 1117 3943 iriense,

94 3935 259 4001 Roborts
278 3936 416 4020 i‘vdpdse,
439 3965 535 4030 quam
557 3951 753 4031 scripturam
775 3950 957 4015 Muellerus
976 3972 1031 4014 rec
1074 3953 1119 4024 its

94 4017 309 4084 Hermannus
332 4024 438 4091 dedit:
460 4030 598 4110 indidem
622 4033 785 4120 vulgatam
806 4043 917 4100 tuetur
930 4037 1044 4101 Labeo
1068 4040 1119 4100 ius
