2770 4690
235 319 370 398 XXXII

235 473 346 566 inest,
390 469 482 544 unde
512 483 612 546 certo
644 460 809 546 concludi
838 469 950 568 possit
966 461 1037 564 28),
1069 497 1148 550 ,neo
1182 463 1260 549 nni-

235 599 342 649 versa
366 597 494 646 rerum
520 587 686 646 actarum
708 571 847 646 ratione
872 573 1105 674 efflagitatur,
1148 600 1262 670 quum

235 675 371 749 dehac
398 672 541 768 quidem
567 698 674 747 scena
699 671 846 747 omnino
872 697 944 747 non
968 676 1102 768 valeat,
1154 675 1191 748 in
1217 701 1261 750 ea

234 801 345 869 vero,
386 799 474 870 quae
508 773 673 871 proxime
697 773 875 869 sequitur,
918 777 957 848 ul
981 777 1106 849 locum
1129 773 1260 850 habue-

236 876 322 968 rit,
342 890 379 950 at
403 890 501 962 perte
526 901 598 948 non
613 899 722 966 eum,
748 893 856 970 quem
880 874 935 948 illi
958 877 1101 968 volunt,
1134 875 1261 972 quippe

236 977 300 1050 ubi
333 979 462 1052 saltem
499 976 673 1066 sufficiat,
717 973 748 1048 si
775 977 1080 1072 Clytaemnestrae
1114 976 1260 1050 simula-

236 1063 345 1154 crum
363 1070 496 1154 statuas
516 1076 561 1152 ad
579 1073 725 1170 januam
744 1074 887 1150 aedium
904 1075 1066 1174 apertam
1087 1076 1259 1152 accedens

234 1179 281 1256 ad
302 1179 430 1255 Furias
453 1177 549 1252 intus
584 1174 753 1252 cubantes
787 1175 901 1252 verba
936 1177 1065 1251 fecisse
1081 1175 1152 1272 ²⁹),
1197 1177 1259 1252 sed

235 1282 353 1380 potius
379 1304 489 1376 aeque
510 1293 615 1376 atque
635 1276 674 1350 in
698 1275 761 1367 illa
782 1277 922 1352 nullum
946 1275 1112 1356 habuisse
1135 1282 1261 1366 locum

235 1383 387 1460 videtur.
1098 1430 1102 1442 -

335 1483 463 1581 Apollo
504 1479 617 1581 igitur
652 1478 817 1578 Orestem
860 1481 1031 1586 appellat,
1075 1475 1259 1579 profitens,

234 1609 384 1662 seeum
408 1608 480 1657 non
511 1607 587 1656 esse
615 1579 860 1672 deserturum,
901 1605 1031 1676 neque,
1075 1583 1151 1672 sive
1182 1581 1260 1678 ipse
1352 1637 1355 1642 .

237 1712 348 1784 prope
372 1698 462 1761 astet
490 1679 567 1759 sive
591 1680 719 1780 procul
743 1679 854 1771 absit,
900 1673 1062 1755 inimicis
1087 1684 1164 1778 ejus
1189 1681 1259 1754 mia

235 1805 312 1864 tem
340 1786 525 1876 futurum,
568 1797 609 1856 ut
639 1805 734 1854 nunc
760 1806 898 1878 quoque
924 1781 1069 1860 rabidae
1092 1783 1183 1858 istae
1208 1789 1260 1857 ai·-

236 1913 304 1986 que
329 1883 588 1962 abominandae
613 1881 744 1956 Furiae
775 1907 798 1956 a
821 1907 859 1955 se
885 1881 961 1980 ipso
985 1883 1141 1960 domitae
1165 1885 1258 1980 jace-

240 2038 545 2058 Μ

338 2109 368 2163 in
387 2107 506 2173 libello,
540 2106 818 2165 cuititulumiecit:
855 2109 1102 2182 »Erulorum
1140 2123 1261 2169 uoscnr'

337 2193 430 2244 neque
448 2177 484 2230 de
504 2175 557 2229 illo
575 2178 747 2248 adstipulari
765 2195 819 2235 non
839 2181 1014 2250 dubitemus,
1047 2201 1084 2237 ex
1104 2177 1157 2248 iis,
1186 2197 1260 2250 quae

337 2245 472 2316 superius
488 2263 515 2315 p.
533 2245 605 2299 xvi
624 2262 665 2313 sq.
685 2247 714 2301 iu
733 2255 892 2304 transcursu
910 2253 1079 2320 monuimus,
1101 2253 1261 2324 apparebit·

336 2314 502 2372 Sententiae
522 2315 694 2368 Muelleri
713 2327 826 2386 praeter
843 2318 933 2387 illud,
968 2323 1042 2388 quod
1062 2322 1125 2392 ipse
1143 2337 1261 2394 conces·

337 2387 394 2450 sit,
422 2393 504 2451 atque
523 2401 571 2451 ea,
597 2401 670 2453 quae
687 2386 721 2439 ab
740 2387 933 2443 Hermanno
952 2407 1027 2444 cens.
1046 2410 1073 2461 p.
1095 2393 1261 2445 saoconna

257 2507 258 2510 ,
336 2455 578 2526 disputatasunt,
615 2470 707 2521 neque
732 2456 785 2508 hoc
808 2472 862 2510 nou
886 2459 981 2512 iuvere
999 2459 1148 2525 existimo,
1183 2461 1260 2529 quod

336 2524 421 2578 etiam
441 2525 470 2576 iu
488 2525 577 2576 altera
597 2523 709 2576 fabulae
734 2534 814 2594 parte
832 2541 916 2580 scena
934 2539 991 2583 tota
1008 2547 1062 2583 non
1082 2529 1172 2596 intra,
1207 2529 1260 2583 sed

335 2605 400 2647 ante
417 2593 549 2660 templum
568 2592 713 2646 Mineruae
731 2605 782 2648 est.
1234 2647 1235 2651 ,

255 2664 301 2728 28)
336 2664 382 2716 De
408 2661 549 2714 vocabulo
575 2653 670 2729 ὁρᾷς,
709 2661 824 2730 vast,
858 2664 964 2720 monuit
987 2665 1161 2721 Hermaunus
1186 2667 1205 2720 l.
1231 2684 1257 2721 o.

334 2731 440 2786 Eadem
459 2729 531 2783 ratio
549 2738 592 2783 est
610 2729 780 2784 locutionis:
811 2730 925 2800 πάρεστι
939 2732 1181 2803 προσδρακεῖν,
1203 2736 1257 2791 Vs,

337 2801 395 2854 loti.
429 2799 511 2851 Addo
530 2810 691 2868 praeterea,
722 2801 789 2868 quia
806 2803 914 2857 similia
931 2804 1014 2858 video
1032 2805 1147 2876 saepius
1164 2806 1258 2859 doctis

335 2867 498 2922 hominibus
517 2868 610 2922 fraudi
627 2869 732 2933 luisse,
767 2869 796 2924 in
815 2871 913 2940 priore
930 2875 994 2927 loco
1013 2891 1104 2942 neque
1123 2891 1159 2928 est
1178 2873 1258 2928 voci·

335 2940 387 2992 bus
405 2933 501 2990 atate
518 2933 577 2990 sois
594 2939 744 3006 consequi,
772 2951 802 2994 ut
820 2941 926 2996 Furiae
945 2944 1116 3014 conspicuae
1135 2943 1257 3008 luerint,

334 3008 386 3062 cst.
405 3005 483 3078 Sept.
502 3025 526 3060 c·
544 3007 597 3060 Tlt.
616 3006 666 3062 Vs.
683 3009 734 3061 390
752 3020 781 3062 et
797 3011 864 3076 613,
901 3011 950 3066 ubi
977 3031 1071 3067 vocem
1097 3007 1170 3066 τόνδ’
1194 3013 1258 3067 sue-

234 3075 237 3084 '
333 3085 398 3130 runt
430 3076 478 3143 qui
512 3075 709 3143 corrigendam
742 3089 890 3134 censerent
919 3081 982 3134 siue
1011 3098 1121 3147 caussa3
1165 3081 1256 3151 Sepla.

334 3147 404 3198 Oed.
422 3145 485 3198 Col.
503 3144 554 3198 Vs.
572 3147 629 3207 59,
666 3145 714 3196 nbi
733 3163 786 3199 nou
805 3164 875 3218 opus
897 3149 932 3203 de
949 3162 1041 3206 statua
1058 3151 1160 3206 Coloni
1180 3149 1258 3216 digi-

333 3215 372 3270 tis
394 3223 545 3266 monstrata
569 3212 712 3280 cogitare;
747 3217 815 3269 Eur.
833 3218 962 3274 lon.·Vs.
980 3222 1046 3283 3223
1081 3221 1187 3276 Electr.
1207 3222 1260 3276 Vs.

334 3283 546 3344 l3li'lllattlr.‚
592 3282 639 3348 qui
672 3283 751 3336 locus
777 3303 793 3338 a
820 3289 981 3357 nuperrimo
1014 3289 1125 3344 editore
1150 3290 1260 3346 Batavo

335 3361 448 3422 praeter
470 3352 667 3405 necessitatem
691 3361 812 3410 tentatus
832 3368 889 3422 θεῖς
925 3359 1079 3413 Erfurdt.
1098 3369 1125 3412 et
1144 3359 1258 3413 Herm.

224 3463 229 3477 ,
333 3423 428 3542 ladnot.
455 3421 490 3542 ag
510 3420 685 3545 Sophffigied.
705 3423 739 3476 R.
759 3424 893 3492 Vs.101;
927 3429 1258 3499 Bernhardtsyntax.

347 3505 446 3556 inguae
494 3507 514 3542 t.
535 3509 560 3560 p.
630 3528 636 3540 .

201 3587 206 3594 =
253 3559 298 3624 29)
335 3558 479 3628 Exposuit
507 3559 542 3613 de
570 3559 702 3614 universa
730 3563 781 3616 hec
808 3581 840 3618 re
866 3565 1077 3620 Hermannus
1102 3567 1122 3620 l.
1145 3585 1183 3627 o,
1222 3569 1259 3623 ad

333 3629 517 3682 Genellum
536 3631 682 3698 relegans,
718 3633 766 3698 qui
788 3635 897 3698 ianuam
922 3643 986 3706 post
1004 3636 1129 3706 Pythiae
1150 3636 1260 3691 abitum

332 3711 457 3767 apertam
477 3698 604 3752 relictam
624 3716 687 3752 esse
705 3702 831 3770 disputat
849 3705 868 3756 1.
891 3723 913 3756 c.
933 3722 958 3772 p.
976 3705 1039 3770 217,
1075 3723 1184 3760 scenam
1202 3724 1261 3761 non

330 3767 448 3832 mutati,
473 3769 552 3832 quasi
574 3771 627 3821 hoc
646 3771 690 3822 vel
711 3787 762 3836 per
785 3787 816 3824 sc
836 3773 1032 3840 intelligatur,
1061 3776 1147 3828 tacite
1166 3777 1258 3844 ponit.
1292 3810 1294 3814 -

329 3837 431 3903 Neque
450 3838 564 3891 multum
583 3839 694 3892 abludit
714 3839 917 3910 Schlegelii
937 3843 1077 3897 sententia
1101 3845 1192 3898 altero
1210 3847 1258 3898 lo-

332 3923 365 3958 co
387 3907 542 3986 proposita.
569 3908 648 3962 Quod
669 3919 836 3978 postremum
856 3913 891 3964 de
911 3913 989 3976 loco,
1010 3912 1056 3964 ubi
1076 3911 1258 3985 Clytaemne-

331 3987 407 4030 strue
425 3977 603 4030 simulacrum
621 3993 775 4031 sermonem
800 3979 946 4044 habuerit,
983 3981 1124 4051 diximus,
1159 3989 1259 4051 conje-

290 4049 293 4058 ’
332 4057 414 4106 etura
432 4045 584 4100 Hermanni
604 4058 665 4112 cst,
686 4047 804 4102 inferius
824 4045 952 4108 breviter
971 4051 1098 4106 texenda.
