2794 4692
217 322 337 400 LXVI

218 495 382 572 moratus
395 489 463 584 52),
510 493 655 568 etiarnsi
680 503 742 568 eae
772 518 845 566 non
870 491 1144 584 deductoribus,
1191 496 1254 573 sed

220 597 307 693 ipsis
331 595 452 668 Furiis
479 593 681 668 adtributae
708 593 854 668 fuerint.
881 631 955 646 ⁴-1
1056 623 1057 626 ¹
1251 683 1254 688 Ι

274 779 278 790 ,
306 694 686 796 Ingrediturscenam
709 695 872 788 Orestes,
897 695 1013 787 solus,
1034 739 1086 755 -
1111 699 1255 774 Mercu-

222 799 300 872 rius
335 795 454 886 enim,
500 795 561 890 qui
593 815 679 869 eum
712 809 841 896 rogatu
866 795 1043 892 Apollinis
1069 797 1256 876 deduxisse

147 887 150 894 ¹
222 897 373 997 fingitur
391 897 458 988 ⁵3),
501 909 582 970 ante
615 896 735 992 ipsum
766 897 959 972 introitum
984 896 1024 970 in
1052 899 1177 973 locum
1201 915 1256 974 tu·

223 1016 325 1090 tum,
362 999 489 1095 quippe
513 999 551 1069 in
578 1021 647 1093 quo
672 997 785 1093 ipsius
811 997 945 1072 auxilio
971 1023 1044 1072 uon
1067 1001 1144 1096 jam
1171 1027 1259 1099 opus

223 1113 333 1189 esset,
368 1097 562 1173 decessisse
587 1098 765 1193 putandus
790 1113 863 1191 est,
884 1143 936 1157 --
961 1113 996 1172 ct
1021 1099 1060 1173 in
1085 1102 1259 1201 gradibus

224 1225 309 1275 arae
326 1200 480 1274 considit
496 1199 597 1294 juxta
614 1199 857 1274 simulacrum
868 1199 1068 1296 Minervae,
1091 1203 1183 1298 quod
1204 1206 1258 1275 ul-

223 1299 281 1375 nis
299 1301 532 1396 amplectitur
541 1296 602 1392 ὅ4).
640 1301 736 1372 Tum
756 1315 926 1396 precatur
943 1301 1050 1375 deam
1067 1318 1107 1375 ut
1123 1302 1258 1400 ipsum,

224 1401 285 1498 qui
302 1401 482 1498 Apollinis
503 1401 605 1496 jussu
626 1399 735 1492 adsit,
758 1401 912 1498 propitia
935 1403 1105 1500 recipiat,
1130 1405 1260 1501 quippe

219 1528 297 1576 nou
323 1503 523 1598 supplicem
554 1501 795 1598 piacularem,
841 1528 908 1576 nec
938 1503 1103 1600 impuras
1130 1529 1260 1579 manus

223 1604 436 1694 habentem,
462 1600 523 1676 sed
549 1600 760 1704 languidum
786 1603 881 1699 jam,
917 1605 1129 1704 adgressum
1155 1621 1287 1681 anteav

225 1705 270 1778 ad
306 1705 395 1778 alias
433 1703 619 1794 aedes55),
664 1728 771 1798 seque
798 1703 851 1775 ibi
885 1730 1032 1779 caussae
1059 1707 1259 1780 discrimen

225 1806 386 1900 opperiri
414 1805 583 1876 declarat.
1066 1852 1070 1860 -

326 1901 487 1982 Subinde
512 1903 643 1978 Furiae
670 1903 863 1979 adveniunt
892 1906 932 1980 in
956 1909 1184 1986 orchestram
1196 1907 1260 2005 ⁵⁶),

248 2131 294 2193 57)
329 2129 472 2196 Imprimis
489 2126 543 2184 Vs.
561 2128 611 2183 957
630 2143 693 2196 sqq.
713 2136 741 2182 et
759 2127 810 2186 Va.
828 2131 880 2186 976
897 2146 940 2200 sq.

248 2203 294 2265 53)
330 2199 392 2252 Hac
418 2215 450 2251 re
474 2214 625 2264 concessa,
659 2213 731 2264 quae
755 2197 855 2265 negari
878 2201 992 2270 nequit,
1024 2203 1139 2258 minime
1163 2207 1199 2260 ab
1222 2205 1262 2260 iis

329 2265 462 2334 discedo,
482 2283 554 2335 quae
572 2267 706 2338 superius
725 2285 753 2338 p.
770 2269 873 2333 XXX,
891 2270 984 2326 adnot
1002 2273 1036 2327 25
1054 2272 1144 2344 posui.
1180 2277 1264 2332 Quod

330 2336 374 2390 ibi
392 2334 456 2390 dixi
475 2337 511 2390 de
532 2335 603 2389 artis
621 2338 806 2417 monumentis
825 2353 908 2418 quum
927 2358 1053 2396 errorem
1074 2360 1176 2412 parcre
1215 2358 1264 2400 os·

329 2404 384 2472 eit,
407 2421 521 2472 moneo,
539 2405 714 2459 Mercurium
734 2421 763 2460 m
782 2406 821 2460 iis
840 2416 910 2460 artus
927 2411 1080 2480 operibus,
1097 2429 1170 2480 quae
1188 2363 1263 2469 dre·

267 2509 270 2516 ·
330 2486 399 2529 stem
418 2475 454 2530 ad
475 2473 641 2529 umbilicum
659 2473 834 2544 Delphicum
859 2477 905 2530 vel
927 2482 1001 2550 apud
1019 2480 1176 2537 Minervam
1192 2499 1265 2557 sup-

250 2614 295 2678 Μ)
329 2545 436 2666 pqicem
454 2544 607 2610 exhibent,
627 2559 683 2598 uon
701 2559 873 2626 comparere.

362 2631 377 2666 e
397 2613 497 2668 habitu
515 2623 651 2668 ornatuve
668 2614 784 2668 Orestas
803 2613 894 2682 ipsius
912 2614 942 2668 in
960 2618 1049 2672 altera
1068 2621 1181 2676 fabulae
1197 2638 1265 2690 par·
1376 2617 1378 2626 ’

330 2693 358 2734 te
374 2683 467 2734 mullo
494 2683 582 2736 verbo
609 2682 716 2736 dictum
744 2693 797 2736 est.
844 2685 960 2738 Remum
988 2689 1069 2742 oleae
1096 2691 1122 2744 si
1149 2693 1264 2746 tenebat

331 2751 424 2802 altera
442 2765 539 2818 mauu,
570 2762 602 2804 ut
619 2761 716 2817 antea,
744 2754 974 2823 quumhpollini
992 2759 1183 2829 supplicaret,
1214 2762 1266 2815 de·

333 2818 458 2888 ponebat
481 2818 510 2871 in
528 2835 577 2874 ara
594 2819 680 2886 deae,
712 2837 768 2887 quo
786 2821 823 2876 de
848 2822 914 2877 vide
931 2825 1096 2895 Elmsleji
1115 2829 1209 2884 adnot.
1227 2831 1265 2883 ad

332 2887 436 2954 Eurip.
454 2887 570 2944 Heracl.
588 2889 642 2944 Vs·
662 2890 720 2943 125.
756 2889 905 2958 cogitabat
923 2892 1035 2960 aliquid
1059 2896 1123 2950 sciti
1145 2897 1264 2963 artilex,

333 2956 381 3011 cui
401 2958 524 3012 debetur
547 2968 751 3012 monumentum
768 2976 785 3011 a
804 2959 952 3014 Millino
972 2965 1047 3018 Mon.
1068 2967 1142 3020 ineo,
1163 2968 1200 3026 71,
1220 2972 1263 3022 49.

333 3024 522 3095 publicatum,
543 3043 599 3094 quo
612 3028 730 3080 Orestes
749 3027 905 3084 exhibetur
924 3031 1070 3089 Minervae
1088 3035 1264 3109 supplicans,

332 3111 415 3162 quum
436 3095 484 3148 illi
502 3097 629 3164 vaginam
647 3095 709 3148 siue
728 3113 796 3150 ense
816 3098 966 3156 tribueret.
1134 3119 1137 3128 ¹

253 3163 298 3228 55)
334 3165 413 3216 Haec
445 3163 657 3234 simplicissima
688 3164 776 3218 luerit
807 3165 1008 3238 interpretatio
1036 3174 1199 3229 verborum:
1233 3172 1266 3228 od

332 3229 535 3298 προστρόπαιον
553 3263 585 3274 -·
603 3229 721 3306 ἄλλοισιν
736 3235 832 3298 οἴκοιο,
863 3239 1022 3306 dequibus
1041 3242 1085 3298 bis
1103 3245 1264 3316 disputavi·

332 3318 393 3356 mus
414 3302 443 3354 in
462 3303 592 3364 tonost,
611 3320 638 3372 p.
656 3303 690 3356 52
708 3317 748 3370 sq.
767 3313 796 3358 et
814 3321 841 3372 p.
858 3308 892 3358 91
912 3325 970 3375 sq,
996 3327 1053 3378 quo
1072 3313 1181 3368 demum
1199 3315 1266 3368 loco

334 3387 426 3424 veram
454 3371 603 3424 universae
634 3372 718 3436 hujus
746 3372 885 3428 orationis
917 3388 1086 3434 structuram
1114 3382 1268 3454 perspexi·

315 3443 403 3493 'mua
440 3441 509 3492 Eam
529 3439 618 3510 ipsam
638 3440 777 3495 voluimus
795 3444 929 3510 superius
947 3465 975 3517 p.
987 3448 1059 3510 Ltl,
1079 3451 1187 3518 adnot,
1207 3471 1264 3507 non

333 3525 410 3574 eam,
445 3525 526 3576 quam
546 3509 708 3577 postillam
737 3513 908 3581 protulimus
928 3518 1016 3570 verbo
1035 3515 1143 3588 aipptldc
1163 3523 1263 3592 paullo

330 3577 418 3631 aliter
442 3587 568 3646 accepto.
606 3579 776 3633 Monendum
802 3581 903 3648 etiam,
929 3603 1022 3650 neque
1039 3587 1068 3640 in
1094 3590 1141 3642 his
1166 3591 1265 3644 verbis

330 3646 528 3700 diuturnitatis
552 3664 680 3701 errorum
699 3656 728 3701 et
750 3651 892 3718 repetitae
911 3655 1091 3722 expiationis
1116 3661 1266 3727 signitica-

333 3716 437 3769 tioncm
459 3718 544 3768 ullam
565 3719 664 3781 quaeri
685 3734 784 3788 posse,
818 3719 876 3772 nisi
896 3722 1032 3778 dehisce
1052 3727 1138 3780 rebus
1158 3747 1174 3780 e
1193 3731 1265 3783 reli-

331 3785 396 3852 quis
423 3785 496 3840 locis
523 3797 641 3839 constet.
695 3787 743 3842 De
767 3789 865 3844 verbis
892 3790 1059 3861 πορεύμασιν
1085 3794 1207 3865 βροτῶν,
1241 3799 1267 3854 si

331 3851 481 3924 tauthest,
502 3852 565 3908 vide
584 3855 778 3910 Bernhard.
798 3857 915 3928 Syntax.
935 3880 961 3930 p.
974 3865 1032 3916 174.
1069 3863 1184 3922 719733
1201 3886 1267 3922 ver·

177 3927 181 3936 '
238 3987 240 3992 ¹
307 3925 394 3987 ⁸burn
411 3920 553 3992 pedesque,
583 3930 754 3992 οπροοεῖναν
774 3927 849 3980 illud
869 3930 1063 3984 deducendum
1081 3935 1172 3990 valet:
1209 3938 1266 3989 ad-

330 3991 407 4052 veni
428 3995 481 4058 ad,
512 4009 562 4052 usu
582 3995 777 4063 memorabili,
807 4005 837 4049 ut
854 3998 927 4050 alibi
947 3997 1071 4067 πάρειμι.

247 4061 293 4126 56)
329 4063 362 4118 ln
383 4079 416 4114 ea
435 4074 600 4132 permanent
618 4081 712 4131 neque
727 4065 755 4116 in
773 4066 954 4136 proscenium
973 4069 1150 4141 irrumpunt,
1169 4087 1268 4138 quam·
