2652 4688
1005 355 1080 430 227

1040 475 1043 482 ,
1083 427 1096 474 A

73 531 110 590 At
138 529 222 590 enim
253 543 331 589 vero
368 521 569 589 contendunt
598 526 779 589 Muellerus
810 537 844 608 et
871 525 1079 608 Fritnschius,

72 613 149 672 idem
177 631 243 672 uon
278 611 318 672 eh
348 611 447 672 initio
464 613 575 672 luisse
604 615 776 687 usitatum,
818 611 874 674 sed
902 615 1081 675 senioribus

72 695 188 756 demum
215 693 417 774 temporibus
446 694 768 756 inconsuetudinem
795 698 921 758 uenisse
949 695 1082 759 aliunde

71 781 180 860 quippe
208 780 389 854 invectum,
429 787 461 840 et
482 775 665 840 Muellerus
694 776 824 860 quidem
846 781 908 852 hoc
935 781 987 843 vel
1009 789 1083 861 post

70 862 257 942 Aeschylum
288 869 434 942 tempore
462 861 543 922 belli
570 861 837 942 Peloponnesiaci
864 865 984 924 iactum
1004 880 1083 926 esse

70 947 203 1008 affirmat
235 945 270 1004 in
301 943 438 1026 append.
469 965 501 1024 p.
524 941 591 1008 29.v
620 942 743 1006 Contra
771 946 977 1030 Boettigerus
1006 948 1027 1008 l.
1052 969 1080 1008 c.

68 1049 97 1110 p.
120 1030 176 1090 lut
197 1025 285 1090 idem
305 1029 425 1088 nullibi
447 1029 510 1088 nisi
531 1027 668 1090 Athenis
690 1037 799 1090 ortum
820 1029 963 1109 putabat.
1007 1029 1082 1110 Sed,

68 1121 103 1172 ut
122 1113 181 1171 hoo
207 1112 271 1189 jam
292 1113 478 1189 mittamus,
497 1135 499 1142 ·
518 1111 604 1172 unde
633 1109 762 1172 tandem
788 1110 873 1171 illud
892 1115 955 1173 scit
973 1110 1083 1176 Muel-

68 1197 172 1256 lerus?
241 1193 337 1275 Apud
375 1196 481 1276 ipsum
519 1195 605 1254 nihil
643 1193 832 1278 quidquam
858 1197 1001 1276 reperias
1033 1205 1083 1257 te-

67 1278 227 1353 stimonii,
266 1297 330 1360 quo
359 1277 447 1338 istud
469 1275 635 1339 decretum
657 1281 787 1339 tuearis.
839 1278 982 1341 Videtur
1004 1298 1081 1365 ergo

66 1372 169 1424 ortum
191 1383 258 1424 esse
278 1381 317 1422 ex
338 1362 565 1439 observatione
587 1363 669 1438 ejus,
692 1379 788 1442 quam
810 1363 917 1443 palam
938 1365 1019 1424 fecit
1040 1361 1082 1422 ad
1137 1389 1140 1393 ·

66 1443 255 1506 Eumenidas
272 1447 295 1509 1.
312 1465 359 1519 c.,
381 1453 492 1525 poetas
513 1447 656 1533 tragicos
673 1445 869 1524 Aeschylum
889 1445 1083 1527 subsequen-

66 1539 112 1590 tes
140 1531 270 1590 nomine
301 1527 514 1590 Eumenidum
547 1547 623 1589 usos
651 1545 720 1590 esse
752 1521 835 1589 cuin·
860 1527 969 1590 studio
1004 1549 1083 1612 quo-

66 1611 154 1688 dam,
194 1613 354 1693 quumab
371 1611 448 1672 hoc
476 1613 548 1692 ipso
579 1616 736 1694 nusquam
764 1619 955 1694 usurpatum
982 1613 1084 1673 sitin
1121 1611 1127 1632 '

64 1697 265 1760 sermonibus
286 1693 489 1776 tragoediam
519 1693 607 1778 quod
628 1704 736 1755 tamen
757 1696 864 1776 ipsum
885 1698 1026 1757 maxime
1048 1699 1084 1756 iu

65 1779 332 1860 disceptationem
354 1787 490 1840 vocatur
510 1788 542 1840 et
560 1777 691 1859 quidem
713 1777 752 1839 de
771 1779 891 1839 caussis
910 1782 988 1839 satis
1010 1799 1084 1866 gra·

64 1865 174 1940 vibus,
212 1871 249 1922 ut
276 1871 399 1924 taceam
428 1869 552 1923 restare
579 1878 705 1942 semper
725 1869 814 1923 certe
839 1862 972 1923 titulum
993 1864 1085 1922 fabu-

64 1949 132 2026 lae,
175 1965 292 2006 nomen
325 1943 413 2006 istud
445 1947 509 2024 jam
538 1943 692 2023 Aeschyli
730 1945 931 2026 temporibus
951 1951 1084 2007 notu'm

64 2033 163 2091 luisse
182 2030 236 2092 vel
265 2029 371 2090 solum
393 2031 472 2089 satis
494 2036 692 2112 arguentem.
737 2027 829 2090 Haec
856 2029 961 2114 igitur
983 2047 1084 2112 argu·

62 2115 218 2176 mentatio
240 2131 336 2194 quam
363 2113 493 2172 infirma
513 2114 572 2187 sit,
614 2113 650 2170 in
676 2112 789 2192 aprico
812 2119 871 2175 est.
924 2114 997 2174 Jam
1018 2132 1085 2173 nou

62 2217 232 2280 quaeram,
271 2198 301 2256 si
324 2215 440 2257 nomeu
461 2193 590 2258 demum
611 2203 758 2275 tempore
779 2195 860 2257 belli
881 2195 1085 2278 Peloponne-

41 2283 144 2342 siaci
164 2281 361 2341 innotuisset
382 2278 653 2354 Atheniensibus,
692 2297 755 2358 qua
775 2280 883 2358 specie
905 2277 1085 2361 Sophocles
1127 2317 1135 2332 ·

63 2367 98 2423 in
122 2363 248 2443 Oedipo
277 2361 422 2422 Coloneo
453 2360 488 2422 id
524 2362 588 2438 jam
617 2358 736 2441 Oedipi
764 2361 964 2440 temporibus
997 2379 1086 2424 rece-

60 2455 155 2528 ptum
170 2448 270 2506 fuisse
288 2447 396 2505 fucere
411 2445 587 2524 potuisset;
610 2440 667 2504 sed
682 2440 761 2524 quid
782 2441 912 2504 tandem
933 2445 990 2505 fiet
1010 2446 1085 2506 loco
1119 2460 1121 2466 ’

60 2531 258 2604 Pausaniae,
286 2528 343 2610 qui
364 2547 424 2588 nec
443 2526 659 2596 Fritnschium
682 2527 796 2601 latuit,
819 2543 1013 2608 quamquam
1034 2531 1086 2589 ni-

60 2612 114 2674 hil
136 2612 256 2689 movit,
287 2611 326 2674 L.
348 2609 423 2690 VII,
446 2608 482 2674 C.
504 2609 556 2686 25,
578 2609 606 2691 ᾗ.
621 2612 678 2685 'l.,
714 2609 772 2670 uhi
792 2609 829 2668 in
850 2611 985 2672 oraculo
1007 2621 1085 2692 quo·

60 2697 139 2758 dam
160 2693 356 2773 Dodonaeo,
375 2691 473 2776 ,quod
492 2694 557 2771 jam
578 2692 779 2772 temporibus
799 2693 1012 2776 Aphidantis,
1034 2715 1084 2755 rea

59 2783 113 2868 gis
134 2778 351 2855 Athenarum,
394 2777 541 2858 Oxyntae
562 2776 640 2853 filii,
680 2775 917 2857 Demophontis
944 2779 1083 2860 nepotis,

58 2863 315 2926 Atheniensibus
342 2859 452 2922 datum
482 2859 664 2936 ferebatur,
700 2855 867 2938 Edpseidss
898 2875 1085 2944 nuncupan·

58 2953 139 3008 tur?
182 2945 294 3008 Verba
314 2946 394 3006 haec
415 2952 510 3006 suutt
1024 2961 1027 2968 ·

191 3025 307 3111 φράζεο
331 3026 356 3089 d
370 3024 502 3110 ’Ἄρειόν
522 3047 554 3088 τε
573 3021 688 3107 πάγον,
719 3023 841 3108 βωμούς
861 3049 892 3088 τε
915 3023 1047 3108 andros

189 3111 413 3192 Εὐμενίδων
436 3137 467 3174 κ.
488 3136 515 3172 τ.
539 3115 566 3172 l.

59 3200 216 3280 Denique
248 3199 318 3278 ipse
349 3196 532 3259 Muellerus
566 3204 677 3257 monet
707 3195 749 3256 ad
779 3197 911 3258 Eumen.
952 3213 983 3278 p.
1008 3197 1085 3261 1772

58 3285 148 3346 »Die
179 3279 424 3365 Verwaudlung
454 3278 514 3341 der
539 3278 706 3360 Erinnyeu
738 3281 774 3340 in
806 3278 860 3342 die
887 3279 1087 3342 Eumeniden

53 3367 202 3450 gehiirte
233 3365 425 3430 wesentlieh
463 3365 506 3422 in
531 3361 773 3424 Griechenlaud
791 3375 871 3423 'nur
902 3362 1087 3426 Orestes-
1148 3369 1150 3378 ’

54 3451 188 3536 Sagen
211 3485 253 3502 .-
274 3456 308 3510 et
326 3449 437 3530 paullo
459 3455 548 3528 post:
587 3445 691 3508 »Eheu
705 3463 748 3506 so
775 3444 913 3528 kuiipfte
941 3445 1012 3508 sich
1033 3445 1088 3509 die

54 3533 314 3618 Verwandlung
355 3532 413 3596 der
444 3531 612 3609 Erinnyen
650 3533 687 3590 in
717 3526 928 3608 Eumenides¹
955 3533 992 3590 iu
1029 3529 1089 3591 der

54 3615 266 3704 Volltssage,
304 3614 359 3678 die
386 3615 452 3681 wir
479 3613 563 3675 oben
590 3614 643 3674 bei
672 3612 735 3674 den
756 3611 959 3693 Myheuiiern
989 3614 1089 3676 selbst

54 3694 314 3785 nach'gewiesen
345 3699 468 3775 haben,
507 3716 549 3758 an
581 3695 635 3758 die
662 3697 840 3781 Befreiung
871 3695 927 3759 des
958 3697 1088 3758 Orestes
1209 3773 1212 3780 Ι

51 3803 132 3849 von
162 3782 222 3846 der
241 3783 417 3845 Blutreche
446 3799 519 3845 an«
572 3778 639 3842 Cur
668 3781 772 3866 igitur
802 3800 868 3841 uon
899 3789 1088 3856 statuemus,
1148 3792 1150 3800 ’

52 3869 168 3933 etiam
197 3865 332 3927 Athenis
366 3865 441 3928 inde
469 3865 510 3926 ab
538 3865 663 3926 Orestis
692 3866 894 3946 temporibus
923 3872 1089 3945 receptum

51 3953 170 4018 fuisse
192 3969 310 4011 nomen
330 3946 581 4012 Eumenidum?⁴
611 3945 790 4030 Respondit
810 3967 875 4009 non
896 3947 1089 4022 Muellerus,

51 4031 157 4120 quod
178 4034 372 4117 pervellem,
404 4032 461 4096 sed
481 4031 698 4110 Fritnschius,
737 4031 759 4094 l.
784 4051 810 4094 c.
833 4053 864 4112 p.
888 4032 965 4111 let,
1001 4032 1090 4110 cujus

821 4163 888 4239 15*
