2812 4690
240 369 316 447 106

238 540 350 606 verbis
371 537 516 623 αἱροῦμαι
536 533 622 604 πόλει
641 537 822 626 significari
852 539 974 625 possit,
1004 557 1070 602 non
1092 549 1260 622 appareat,

238 627 454 692 Wellauerus
479 621 626 686 dativum
652 622 739 688 πόλει
765 643 839 686 cum
863 621 1003 705 ἄμομφον
1024 621 1096 686 ὅπα
1122 625 1261 710 jungen-

203 747 205 753 ·
239 709 318 774 dum
349 708 450 784 dicit,
485 715 519 768 et
548 728 589 770 ex
615 710 756 794 genuina
776 707 870 771 verbi
899 709 1045 789 αἱροῦμαι
1065 709 1100 771 vi
1130 727 1262 770 sensum

239 815 325 860 esse:
349 791 646 854 »nihilominus
668 801 718 868 te,
740 793 784 854 in
805 809 883 872 quo
904 792 1016 853 nihil
1037 791 1262 873 reprehen-

239 879 375 940 sionis
401 883 477 953 est,
504 875 602 937 urbi
623 875 739 962 eligo
766 893 865 956 prae
892 875 1052 954 Furiis,
1083 877 1157 958 qni
1183 895 1262 936 ma-

238 977 364 1024 neas«
407 958 607 1020 Fritnschius
631 960 678 1020 ita
698 961 815 1022 vertite
842 956 1016 1021 ¹»dennoch
1037 959 1181 1025 erwiihle
1202 960 1261 1021 ich
1291 995 1295 1004 ·

238 1045 317 1108 dich
338 1041 401 1107 den
413 1039 665 1105 Untadelhaften
686 1045 742 1103 fiir
762 1043 868 1104 meine
881 1040 1006 1104 snat«
1051 1043 1101 1104 De
1120 1045 1261 1125 reliquis

238 1127 351 1192 eodem
369 1131 438 1190 iere
454 1125 551 1187 modo
567 1117 631 1207 qno
648 1126 838 1188 scholiastes
857 1135 891 1186 et
907 1126 1044 1208 plurimi
1062 1127 1261 1208 interpretes

237 1223 382 1278 statuens
428 1207 622 1272 Schuetains
656 1209 756 1273 verba
790 1206 933 1290 ἄμομφον
965 1207 1036 1274 ὄντα
1069 1211 1118 1271 sic
1152 1212 1259 1293 cepit:

128 1301 134 1322 ‘
240 1295 375 1378 »judicii
396 1315 416 1358 a
436 1313 488 1357 me
503 1295 675 1355 constituti
692 1293 819 1354 calculo
840 1297 876 1354 si
896 1295 1041 1355 insons
1062 1312 1260 1376 apparue-

237 1384 329 1444 ris«
373 1379 418 1441 At
439 1379 573 1440 omnino
592 1385 700 1460 patet,
729 1376 914 1440 Minervam
935 1396 996 1439 nec
1018 1378 1082 1438 hoc
1103 1378 1178 1440 loco
1199 1399 1261 1440 nec

109 1499 116 1514 ·
237 1473 351 1548 postea
384 1464 420 1524 in
459 1461 521 1523 hac
555 1463 706 1524 oratione
746 1458 869 1523 dicere·
892 1480 1006 1542 posse,
1049 1481 1084 1524 se
1110 1459 1260 1526 Orestem

237 1549 321 1612 urbe
341 1549 411 1610 sive
426 1547 549 1608 civium
570 1546 606 1606 in
626 1564 797 1606 numerum
819 1547 984 1626 recipere3
1007 1545 1071 1612 hac
1091 1547 1178 1606 enim
1199 1565 1263 1609 nec

237 1633 421 1716 expetierat
442 1629 590 1705 Orestes,
621 1648 682 1690 nec
702 1630 773 1711 ipsa
801 1629 889 1690 infra
908 1631 1009 1708 facit,
1039 1647 1099 1690 nec
1119 1627 1260 1711 denique

237 1727 314 1800 apte
333 1716 499 1800 prolatum
518 1733 649 1776 censeas
669 1733 709 1774 eo
731 1713 767 1772 in
795 1713 887 1789 loco,
916 1713 974 1774 ubi
995 1713 1130 1774 nonnisi
1150 1711 1191 1775 de
1211 1716 1261 1793 jn.

238 1800 328 1862 dicio
357 1797 506 1860 habendo
532 1815 641 1860 sermo
669 1798 721 1858 sit
785 1797 827 1858 m
853 1798 958 1858 multo
985 1797 1093 1857 minus
1114 1793 1151 1858 id
1171 1797 1260 1879 quod

236 1883 452 1948 Wellauerus
482 1878 641 1943 vertendo
678 1882 838 1963 expressit
866 1889 924 1944 aut
955 1877 997 1940 ad
1027 1879 1114 1942 hunc
1151 1881 1260 1942 locum

237 1964 378 2050 quadrat
398 1971 455 2025 aut
473 1965 560 2025 inira
581 1965 661 2044 poni
680 1972 821 2046 poterat.
863 1963 979 2046 Neque
998 1965 1086 2027 enim
1106 1963 1260 2028 Minerva

239 2051 388 2114 Orestem
420 2039 498 2108 urbi
529 2047 574 2108 eli
598 2048 625 2108 it
654 2067 733 2129 prae
762 2047 886 2125 Furiis,
925 2049 984 2130 qui
1014 2056 1161 2126 mancat,
1202 2046 1259 2112 sed

262 2136 349 2196 otius
364 2130 511 2206 Orestes,
526 2066 658 2213 judicio
679 2131 810 2208 habito,
831 2131 917 2208 abit,
940 2131 1057 2194 Furiae
1077 2141 1257 2196 remanent.

237 2156 300 2280 Eia
326 2235 407 2280 vero
436 2211 537 2276 illud:
573 2215 678 2302 seligo
705 2233 785 2296 prae
805 2215 913 2278 Furiis
957 2216 993 2276 ui
1020 2225 1185 2295 maneam
1219 2216 1260 2280 de

238 2321 279 2364 eo
307 2299 495 2398 intelligere
514 2297 614 2373 volis,
651 2296 739 2381 quod
760 2297 914 2363 Minerva
929 2236 1082 2362 *Orestem
1104 2296 1146 2361 ad
1175 2298 1261 2381 judi,-

239 2388 326 2450 cium
348 2381 524 2472 admittere
544 2382 656 2459 malit,
677 2401 774 2466 quam
794 2383 920 2462 Furias,
941 2402 1038 2448 sensu
1059 2386 1150 2446 omni
1171 2404 1260 2446 cassa

237 2480 288 2535 est
308 2467 432 2541 dictio,
452 2469 547 2550 quia,
568 2467 598 2528 si
617 2465 777 2548 judicium
798 2467 995 2546 habebatur,
1017 2465 1053 2528 id
1074 2466 1116 2530 ad
1136 2479 1259 2530 utram·

237 2575 301 2637 que
321 2562 449 2636 partem
470 2551 570 2612 simul
590 2551 766 2634 spectabat.
808 2551 972 2614 Heathius
992 2572 1124 2614 versum
1142 2555 1191 2614 sic
1211 2553 1260 2614 la·

237 2641 344 2701 tinum
365 2637 459 2698 iecit:
491 2633 775 2698 nihilominus
803 2643 938 2698 tamen
958 2636 1101 2714 velim,
1132 2645 1177 2700 ut
1203 2638 1260 2698 ui.
1356 2697 1360 2714 x

237 2722 303 2786 hil
333 2719 484 2782 habeat
510 2718 609 2780 urbs
637 2736 722 2781 mea
742 2716 849 2802 quod
871 2718 955 2782 tibi
983 2719 1175 2801 imputet.
1218 2720 1260 2781 Et

239 2813 387 2888 apparet,
409 2821 483 2862 eum
504 2811 561 2862 aut
582 2801 650 2865 alio
672 2803 772 2865 etiam
792 2803 866 2865 loco
889 2811 1081 2885 corruptum
1104 2823 1183 2884 esse,
1203 2813 1260 2864 aut

238 2888 404 2952 diversum
425 2904 560 2967 prorsus
582 2887 617 2946 in
638 2884 771 2948 modurn
792 2883 996 2954 vertendum.
1045 2886 1136 2950 Mihi
1157 2889 1261 2974 igitur

236 2973 338 3038 verba
357 2971 444 3033 hunc
464 2989 594 3032 sensum
614 2968 752 3032 tundere
772 2969 945 3035 videntur:
977 2971 1261 3034 nihilominus

237 3065 374 3119 tamen
415 3054 561 3135 cupio,
601 3062 648 3114 ut
686 3053 1012 3136 inreprehensus
1050 3053 1259 3132 redditus,

237 3141 271 3204 h.
293 3161 321 3204 e.
342 3135 465 3220 iudicio
487 3135 674 3214 absolutus,
698 3138 954 3206 concilieris
975 3139 1083 3203 urbi.
1128 3138 1262 3200 Utrum-

237 3245 301 3307 que
337 3224 426 3285 inira
454 3239 570 3284 revera
601 3221 733 3285 evenire
764 3221 947 3299 videmus,‘
970 3220 1028 3286 Vs.
1058 3225 1119 3289 722
1147 3244 1194 3306 sq.
1228 3232 1263 3284 et

237 3311 300 3374 732
320 3325 410 3389 sqq.;
448 3308 507 3368 cfr.
536 3304 637 3366 etiam
667 3305 768 3367 verba
797 3306 963 3390 Apollinis
994 3305 1052 3371 Vs.
1074 3310 1137 3372 639
1158 3329 1226 3389 sqq.
1250 3354 1278 3388 ·.

236 3390 320 3469 Sed,
356 3391 466 3476 pergit
494 3387 666 3466 Minerva,
704 3387 766 3451 hae
803 3393 865 3467 (sc.
895 3389 1032 3467 Furiae)
1064 3411 1129 3452 non
1163 3393 1262 3452 facile

236 3477 365 3559 placari
394 3480 531 3556 possunt
560 3480 595 3536 et
622 3474 687 3534 nisi
707 3474 884 3536 victoriam
905 3483 1097 3538 consecutae
1124 3477 1259 3553 inerint,

237 3567 349 3623 manat
368 3577 539 3634 venenum,
560 3565 668 3620 terrae
689 3559 830 3620 maxime
851 3560 1037 3624 exitiosum.
1079 3558 1154 3621 Jam
1174 3577 1262 3619 sum-

238 3664 326 3706 mam
362 3641 526 3704 dictorum
554 3641 670 3712 elficit:
712 3642 821 3703 talia
851 3641 949 3704 haec
984 3651 1045 3705 est
1084 3650 1262 3724 utraque

235 3745 416 3806 manere,
450 3725 484 3788 h.
506 3743 534 3788 e.
556 3726 586 3786 si
612 3732 650 3786 tu
669 3724 794 3806 iudicio
823 3727 992 3788 absolutus
1023 3727 1142 3803 fueris,
1183 3725 1262 3786 urbi

237 3809 486 3886 conciliaberis,
518 3806 575 3870 sed
603 3816 673 3870 tum
694 3810 848 3886 'vicissim
873 3809 991 3872 Furiae
1017 3813 1202 3872 irascentur
1230 3817 1265 3871 et

237 3898 415 3959 maximam
441 3900 551 3956 terrae
571 3891 791 3955 calamitatem
819 3895 973 3971 afferent,
1003 3891 1174 3974 additque:
1210 3915 1262 3954 re-

262 3981 362 4042 ellere
381 3995 461 4041 vero
482 3976 563 4037 haec
584 3973 714 4058 (nempe
735 3974 859 4055 judicio
881 3973 1088 4056 detractam),
1110 3979 1175 4038 sibi
1196 3997 1261 4036 riou

237 4003 357 4143 ficere,
390 4061 544 4148 quoniam
576 4079 614 4122 ea
645 4080 681 4123 re
702 4060 929 4148 gravissimam
956 4061 1022 4128 sibi
1050 4069 1082 4126 et
1103 4061 1262 4144 supplicis
