2794 4692
1068 353 1174 431 axv

120 531 164 596 ut
190 517 284 594 nihil
310 513 409 592 aliud
433 539 571 594 novare
602 542 690 616 opus
717 509 849 614 fucrit,
886 545 997 619 quam
1021 524 1170 628 signum

119 618 315 696 Minervae
341 617 496 697 addere?

223 745 266 819 In
300 744 510 838 orchestra,
556 745 670 845 etiam
695 743 757 821 hio
790 746 863 822 loci
895 749 993 822 sacri
1019 749 1167 829 circum
1280 797 1283 804 ·

116 847 300 944 templum
348 846 501 941 jacentis
539 862 683 944 partem
721 847 840 948 magis
878 848 1070 926 distantem
1109 881 1165 928 re-

114 957 369 1044 praesentante
374 1001 404 1042 ,Ι
429 944 609 1046 thymeles
636 950 718 1022 loco
750 948 889 1045 pariter
922 961 1028 1050 'atque
1059 970 1164 1032 antea

114 1071 184 1124 ara
192 1103 205 1142 ‚
233 1047 295 1124 sed
320 1063 364 1123 ea*
388 1047 491 1123 Jovis
518 1048 685 1143 Summi,
712 1064 802 1124 erat.

220 1166 277 1248 De
298 1171 391 1247 urbe
415 1185 451 1246 et
476 1174 624 1274 regione
650 1173 835 1270 adjacente
861 1177 976 1250 oculis
1002 1177 1162 1256 exhibita

114 1289 235 1348 taceo.
306 1274 540 1372 Areopagus,
589 1299 698 1374 quem
739 1274 909 1372 penicillo
940 1271 1160 1373 'expressum

114 1372 232 1448 fuisse
259 1389 403 1450 certum
426 1389 480 1448 est
502 1399 523 1448 e
545 1373 694 1476 regione
719 1375 837 1469 aruis,
865 1403 955 1474 pone
978 1383 1158 1477 templum

114 1474 364 1568 Minervium,
411 1475 472 1552 sed
497 1475 543 1552 ad
568 1477 662 1550 latus
687 1477 782 1572 ejus,
826 1502 847 1551 a
870 1479 994 1554 dextra
1021 1496 1158 1576 specta-

113 1593 243 1651 torum
280 1575 497 1674 conspicuus
532 1590 621 1651 erat.
682 1577 783 1653 Unde
821 1573 934 1674 quum
973 1596 1156 1678 sequatur,

112 1676 214 1774 quod
235 1679 293 1753 vel
326 1705 392 1774 per
423 1703 463 1752 se
493 1677 682 1776 probabile
715 1693 790 1773 est,
836 1680 933 1754 aedis
961 1680 1048 1756 deae
1082 1706 1156 1758 nou

111 1792 254 1854 tantam
288 1777 516 1853 latitudinem
557 1779 689 1871 fuisse,
735 1796 864 1874 quanta
899 1806 1028 1856 scenae
1063 1797 1154 1876 erat,

110 1894 239 1954 tamen
273 1881 445 1980 quidnam
485 1880 528 1955 in·
558 1880 628 1955 hac
666 1884 767 1978 juxta
803 1881 908 1955 iliam
942 1883 1061 1979 ipsam
1098 1909 1154 1957 re-

110 1995 382 2078 praesentatum
405 1981 537 2073 fuerit,
563 2008 636 2057 nou
660 2007 837 2079 quaeram
863 1983 1082 2059 accuratius.

213 2109 354 2198 Restat,
379 2122 420 2181 ut
441 2107 648 2200 videamus,
673 2133 764 2182 num
788 2107 1003 2208 investigari
1029 2110 1152 2206 possit,

112 2205 158 2283 ad
184 2208 365 2304 quodnam
391 2207 463 2282 diei
495 2224 639 2307 tempus
664 2209 704 2282 in
729 2211 843 2284 altera
871 2209 1016 2284 fabulae
1050 2226 1153 2307 parte

112 2309 209 2384 actio
245 2309 438 2416 referatur.
496 2311 539 2384 In
576 2308 699 2408 prima
733 2333 842 2386 scena
876 2313 1022 2385 nulium
1059 2310 1152 2385 indi-

111 2411 216 2485 cium
240 2409 344 2486 inest.
411 2411 455 2484 In
480 2413 596 2486 altera
627 2412 746 2486 inesse
778 2410 897 2486 videri
930 2427 1070 2508 posset,
1118 2412 1152 2486 si

109 2537 246 2587 verum
270 2525 382 2602 esset,
422 2512 516 2608 quod
541 2511 631 2586 olim
657 2512 883 2588 statuebatur
902 2536 925 2588 a
946 2511 1149 2586 Meursio

109 2613 156 2687 ad
180 2612 292 2689 fidem
315 2612 562 2706 Luciani⁵⁰)‚
599 2614 838 2714 Areopagitas
863 2626 1007 2688 tantum
1038 2627 1149 2688 noctu

106 2715 288 2811 judicium
314 2715 549 2790 exercuisse.
630 2717 709 2788 Non
747 2712 856 2789 dubia
902 2739 963 2789 res
1005 2729 1060 2788 est
1104 2715 1147 2786 de

110 2815 211 2892 exitu
236 2815 398 2910 fabulae,
425 2815 489 2890 ubi
514 2839 645 2915 pompa
667 2813 751 2888 duci
774 2814 921 2912 incipit3
951 2841 1041 2910 quae
1065 2817 1149 2910 quia

109 2943 198 2992 cum
223 2918 341 2992 sacris
368 2919 561 3014 conjuncta
587 2916 674 3010 fuit,
700 2939 807 2991 sacra
832 2942 920 2991 vero
948 2915 1147 2990 Furiarum

107 3032 220 3094 noctu
245 3019 397 3109 fiebant,
425 3019 518 3114 quod
541 3033 737 3112 utrumque
759 3043 803 3090 ex
827 3017 897 3092 hac
921 3017 1000 3113 ipsa
1025 3015 1149 3090 fabula

108 3120 252 3208 desumi
277 3135 392 3218 potest
404 3117 470 3212 5¹),
496 3132 653 3216 apparet,
679 3118 861 3192 actionem
878 3118 917 3192 in
943 3117 1068 3214 priore
1094 3117 1147 3190 fa-

108 3221 215 3296 bulae
248 3237 371 3318 parte,
413 3235 455 3294 ut
488 3219 653 3316 superius
685 3219 863 3312 vidimus,
910 3244 997 3293 cum
1024 3217 1146 3313 primo

106 3347 217 3397 mane
249 3322 484 3418 incipientem
519 3322 558 3396 in
591 3322 705 3414 altera
742 3321 910 3395 concludi
948 3319 993 3394 ad
1025 3343 1146 3415 vespe

107 3450 203 3502 ram.
255 3424 395 3501 Eodem
417 3421 516 3498 ducit
542 3421 682 3496 facium
708 3446 795 3494 usus
821 3423 958 3518 passim
984 3444 1146 3523 comme·

126 3726 173 3790 5⁰)
208 3721 336 3778 Hermu.
354 3725 392 3792 ἕξ.
410 3724 454 3779 64.
473 3721 554 3776 etde
572 3721 663 3774 Domo
681 3720 703 3786 ᾗ.
723 3719 765 3774 18.

124 3819 173 3884 st)
208 3814 334 3872 Aliunde
352 3816 428 3870 nihil
446 3826 620 3886 compertum
639 3815 788 3878 habemus,
806 3825 870 3882 pom
893 3826 909 3864 a
928 3811 1067 3866 solemnis
1084 3809 1147 3864 Fu-

207 3885 320 3940 riarum
334 3895 427 3940 utrum
446 3898 530 3940 noctu
554 3902 589 3942 au
612 3883 737 3939 interdiu
757 3883 841 3936 ducta
876 3880 951 3936 uerit
969 3882 1004 3934 ab
1022 3879 1147 3936 Atheni·

208 3954 342 4019 ensibus;
378 3957 415 4009 de
432 3952 583 4026 Sicyoniis
609 3969 676 4008 sane
694 3951 852 4006 Pausanias
871 3950 905 4004 L.
924 3951 970 4016 11,
996 3949 1027 4003 0.
1048 3953 1097 4033 gi,
1123 3948 1146 4015 i.

206 4025 250 4080 du
277 4020 348 4078 nurui
365 4021 395 4078 dd
413 4023 472 4080 irus
488 4024 598 4079 ἕκαστον
615 4017 712 4091 ἑορτήν
728 4018 839 4090 ἡμέρᾳ
857 4014 922 4088 ped
938 4035 1029 4090 σφισιν
1046 4035 1146 4088 cyrum,

204 4093 255 4150 red
273 4093 440 4162 quaeritur,
465 4109 530 4150 uum
547 4103 680 4149 accurate
698 4091 813 4147 locutus
831 4088 932 4144 suerit.

919 4231 940 4278 Θ
