2812 4690
143 527 234 610 s’osia',
247 527 474 614 pictantias
482 527 669 613 &bucula
685 529 1023 616 ·Bothlo‚³Muellero3
1037 547 1160 606 coam
1193 581 1195 594 n

142 617 341 680 Wcllauero
370 617 506 698 placuit·
525 620 560 680 in
582 616 753 700 strophico
781 618 856 706 talpa
883 625 1016 702 ejicere.
1041 625 1159 688 ‘Uma-

143 719 214 782 que
237 697 433 762 emendandi
460 703 548 765 ratio
575 722 691 783 parum
712 705 904 786 probabilis.
940 711 943 722 '
967 709 1160 772 Hermanno

142 793 313 866 practerea
335 792 447 864 aperte
473 788 659 872 refragatur
679 788 874 859 scholiastae
894 792 1034 876 glossa:-
1054 791 1105 855 ἔπο
1126 791 1160 854 δι’

141 867 207 947 μοι)
236 863 347 928 inaura
413 866 502 928 Mihi
527 888 624 931 versu
651 871 713 934 272
741 881 817 936 ante
842 871 974 937 παλαιὰν
1001 877 1160 940 excidisse

140 948 275 1024 ridetur
288 945 421 1026 natica,¹
452 950 540 1032 qnod
568 972 663 1035 ᾳιιαιο
688 957 793 1024 ⁴facila
820 958 904 1026 lieri¹
920 963 1079 1040 potnerit,
1121 961 1160 1032 iu

141 1035 264 1114 aprico¹
278 1043 335 1096 est
369 1035 505 1096 ..amant
525 1042 637 1100 autem
653 1047 786 1118 poetae,
813 1045 1007 1124 praesertim
1028 1045 1159 1129 tragici,

142 1114 343 1195 hujusmodi·
367 1115 537 1190 dictiones.
586 1113 709 1202 'Supra
736 1122 794 1188 Vs.
816 1129 886 1192 3632
912 1124 1026 1190 eodem
1060 1126 1159 1190 modo

141 1201 315 1353 goumeppta
343 1198 443 1264 rides.
464 1199 565 1268 verba
593 1201 663 1283 ἄτιμ

174 1304 200 1348 ο.
292 1307 301 1345 =
419 1323 421 1332 ι

264 1362 384 1440 πάλον
403 1368 577 1444 παλαιοῖς
592 1363 659 1434 ‘eiad
681 1376 846 1456 ονμφορᾶς
866 1372 975 1457 δόμων.
998 1413 1039 1426 -
1127 1439 1130 1448 ,
1152 1439 1155 1448 ,

703 1201 813 1274 ἀτίετα.
859 1208 927 1273 Cir.
949 1211 1026 1275 Eur.
1050 1213 1158 1279 Orest-

182 1591 184 1596 .
202 1539 335 1606 Hilaro
345 1547 424 1604 sunt
435 1540 557 1604 cantici
571 1541 749 1626 loci‚''quos
760 1544 926 1626 probabili
939 1547 1038 1613 modo
1052 1569 1158 1616 enten-=

140 1620 217 1690 dari
236 1641 331 1704 posse
349 1631 471 1704 putem.
514 1624 744 1708 Reliquorum·
758 1641 915 1694 nee-sunt
935 1633 962 1693 ii
974 1637 1080 1715 -pauci
1100 1655 1159 1700 nu·

140 1724 235 1772 mero
250 1713 290 1769 ct
310 1707 523 1788 satiaaperto
543 1709 578 1768 in
600 1710 702 1786 vitio,
732 1712 1003 1798 corrigendorum
1053 1721 1160 1782 ericu-

140 1791 349 1862 tomfaeare
375 1791 480 1855 nolui.
540 1791 699 1856 Fecerunt
727 1793 865 1876 quidem,
884 1799 1004 1877 alii,n
1054 1823 1159 1887 ,qno

141 1891 309 1948 mosomo,
339 1874 406 1955 ipsi
424 1873 566 1939 videant.
588 1913 631 1928 -
671 1875 709 1938 In
735 1879 800 1942 fine
826 1877 947 1946 addere
961 1886 1081 1967 ,placet
1101 1908 1159 1950 no-

141 1971 218 2024 tram
239 1956 280 2024 de
298 1957 408 2022 verbis
435 1953 645 2039 οἱφόρμιντος,
679 1957 775 2025 αὕονοὶ
803 1965 929 2046 βροοοΐς
955 1970 1159 2051 explicandis

141 2041 370 2118 conjecturam.
413 2041 625 2107 Probavimus
637 2063 735 2127 snpra
751 2049 944 2118 cuchtm.
961 2056 1157 2122 etFritasch.

139 2124 308 2210 vulgatam
335 2123 589 2211 interpungendi
609 2135 706 2211 atque
723 2131 1157 2218 interpretandirationem,

141 2207 261 2288 rejecta
282 2225 341 2283 ea,
363 2227 427 2290 qua
446 2227 512 2272 vox
533 2203 629 2274 αὐονὰ
648 2213 825 2278 clamorem
844 2218 1031 2302 significare
1052 2227 1158 2289 credi·

140 2301 207 2356 tur.
262 2289 304 2352 Et
324 2291 422 2354 habet
436 2287 501 2353 illa
521 2313 599 2356 sane
619 2297 750 2378 optime.
807 2297 877 2362 Sed·
900 2305 930 2364 si
955 2324 1070 2371 verum
1088 2319 1159 2389 'esta

59 2365 63 2372 ⁸
141 2371 229 2458 quod
257 2393 276 2436 a
306 2375 481 2436 scholiasta
518 2381 675 2458 refertur,
706 2381 808 2444 verba
836 2379 1025 2468 ἆφόρμικτος
1052 2392 1158 2472 innui,

140 2459 224 2522 hoc·'
231 2477 360 2521 carmen
380 2467 545 2520 cantatum
565 2480 634 2524 esse
654 2463 754 2526 nullis
775 2467 1002 2532 instrumentis
1024 2477 1158 2538 musicis
1232 2527 1234 2532 ,

140 2541 400 2624 adspirantibus,
436 2543 538 2605 alicui
559 2545 594 2604 in
615 2555 756 2619 mentem
774 2551 888 2613 venire
907 2556 1027 2636 possit,
1065 2557 1158 2639 hym-

141 2645 221 2687 num
242 2625 284 2687 ob
312 2625 375 2688 hoc
406 2627 512 2708 ipsum
540 2624 651 2692 αὖονᾶν
670 2632 800 2710 vocari,
832 2634 944 2700 eadem
971 2642 1041 2704 fere
1060 2663 1157 2707 voca·
1197 2639 1199 2645 ⁴

86 2733 87 2736 ¹
140 2709 214 2772 buli
234 2710 287 2789 vi,
309 2730 371 2791 qua
392 2710 505 2771 Latini
525 2731 654 2774 assam
672 2733 808 2777 vocem
829 2716 953 2784 dicunt.
997 2723 1083 2790 Tum
1106 2731 1158 2790 in·

140 2793 381 2876 terpunctionis
402 2795 530 2880 signum
549 2804 625 2878 post
646 2793 833 2882 οἱφόρμιατος
859 2802 1040 2872 tollendum
1064 2823 1156 2878 esset.

123 2877 384 2960 interpretatio,
407 2879 535 2959 opinor,
557 2882 731 2964 Aeschylio
745 2887 910 2951 scribendi
930 2911 1048 2978 genere
1069 2895 1157 2960 hand

141 2960 288 3048 indigna.
341 2958 527 3023 Videndum
549 2972 659 3026 tamen
679 2985 744 3037 non
765 2972 890 3052 solum,
911 2995 989 3038 num
1009 2980 1157 3060 jure-illi

140 3043 355 3128 pracferenda
387 3046 446 3124 sit,
482 3044 539 3108 sed
574 3049 692 3127 ctiam,x
727 3073 804 3114 num
839 3057 879 3120 ab
913 3079 975 3121 usu
1002 3066 1157 3128 vocabuli

142 3123 236 3204 αὐονῆ
267 3127 580 3193 commendationem
600 3133 743 3216 aliquam
769 3137 895 3213 habeat.
950 3143 1157 3226 Adjectivum

31 3259 34 3264 -
141 3205 235 3285 αὖος,
268 3213 326 3274 ubi
347 3211 389 3276 ad
402 3233 524 3296 sonum
554 3222 768 3296 transfertur,
798 3233 864 3288 cie
900 3228 1003 3292 itum
1031 3234 1158 3320 signiti-
1219 3277 1221 3280 -

141 3307 205 3376 cat,
226 3298 320 3359 utin
341 3297 519 3360 Homerico
542 3299 625 3366 illo:¹
639 3293 713 3365 αὖον
735 3301 842 3384 cidariu,
865 3245 1156 3394 fi.x11,vr.1eo.

142 3377 265 3464 Ξηρὸς,
298 3381 327 3442 si
360 3378 399 3444 de
428 3399 509 3444 voce
537 3395 737 3466 usurpatur,'
759 3401 869 3455 sonat:
906 3415 1058 3463 raucus
1087 3405 1157 3466 sive

140 3475 269 3548 asper.
317 3461 368 3526 An
389 3465 491 3528 simili
512 3469 702 3552 metaphora
715 3469 784 3536 hoc
804 3475 879 3540 loco
902 3477 998 3544 αὐονὰ
1018 3493 1067 3547 est
1087 3488 1157 3569 cpi·

140 3549 256 3613 theton
277 3547 390 3630 hymni
411 3546 583 3614 Furiarum
609 3561 642 3616 et
662 3561 897 3638 comparandus
925 3567 962 3628 in
983 3567 1066 3636 hanc
1086 3591 1157 3634 rem

140 3631 229 3716 Sept.
259 3651 289 3697 c.
316 3633 419 3697 Theb.
449 3633 507 3696 Vs.
528 3636 606 3700 849:
646 3635 698 3702 cdo
737 3643 975 3715 δυςκὲλαδον
1003 3647 1036 3715 θ’
1063 3650 1156 3735 ὕμνον

140 3712 323 3798 'aporiari
351 3718 470 3779 ¹Etiam
498 3721 546 3780 sic
571 3724 693 3786 arctius
718 3727 811 3814 jungi
838 3735 942 3816 possit
960 3738 1156 3802 vocabulum

141 3819 216 3864 cum
249 3797 448 3884 ἀφόρμοκτος.
498 3803 589 3868 Haec
618 3809 698 3871 satis
725 3809 828 3875 habeo
858 3821 1038 3894 monuisse;
1079 3841 1155 3886 nam

142 3905 202 3948 nec
228 3887 406 3968 posteriori
432 3888 556 3951 rationi
584 3889 656 3970 jure
683 3903 899 3978 postponatur
924 3901 1075 3992 vulgata,
1114 3903 1156 3969 de

142 3989 208 4052 qna
237 3977 326 4035 reete
352 3971 502 4052 exposuit
526 3969 744 4044 Hermannus.
787 3984 923 4066 Bpoaoia
949 3988 986 4049 in
1011 3989 1072 4052 hae
1098 4010 1156 4053 ex-

142 4053 321 4136 plicatione
347 4053 482 4120 minima
513 4060 659 4128 offendit.
708 4065 825 4132 Furias
843 4070 998 4138 universe
1015 4072 1155 4159 loquun-
