2652 4688
1009 329 1086 414 285

85 511 281 578 describenda
309 520 421 574 essent
440 511 641 588 semesum,
655 508 1087 574 feriamus-omoeusio-

86 609 145 677 ret,
164 606 196 659 et
217 599 330 674 sinml,
351 615 415 678 quo
438 596 514 672 jure¹
529 595 651 655 ibidem
671 595 817 664 donoro
830 597 1088 675 anonymum

84 686 161 743 mine
197 701 380 742 sumnonem
418 679 518 739 fnisse
542 681 803 757 conjecerimus,
832 678 1007 740 reminas
1037 696 1089 739 res

84 767 171 828 etiam
187 763 409 851 grammaticis
424 761 559 822 testibus
577 763 759 826 arctissime
769 767 975 844 tooujunotae‘
986 761 1088 823 erant

83 849 176 934 Ergo,
217 857 256 908 ut
289 848 402 930 paucis
436 844 706 925 comprehendam
743 845 997 948 perdocentia,
1014 873 1018 882 ¹
1037 845 1091 907 'ri-

83 930 171 992 detur
189 930 343 994 Minerva
363 931 400 990 in
429 930 490 1006 iis,
508 959 512 966 ·
532 949 614 1012 quae
645 930 900 1008 interemerunt,
942 929 1020 990 dum
1049 927 1092 988 de

82 1035 191 1096 pompa
213 1011 358 1091 dicebat,
383 1013 509 1075 Orestis
529 1013 635 1084 denuo
648 1015 810 1074 oabssatn·
822 1015 1013 1090 suscepisse,
1028 1037 1030 1045 ·
1044 1014 1092 1072 ita

83 1097 223 1178 quidem,
245 1107 283 1158 ut
302 1098 416 1158 Furias
438 1097 638 1173 hortaretur,
659 1105 697 1158 ut
718 1099 816 1158 etiarn
839 1098 916 1158 huie
937 1115 1004 1156 non
1025 1114 1092 1154 am·

79 1183 162 1264 plius
183 1183 418 1259 irascerentur,
447 1190 543 1262 etque
563 1191 638 1261 post
657 1181 711 1242 vel
732 1183 820 1242 iuter
840 1201 878 1242 ea
898 1180 1015 1253 verba,
1044 1181 1093 1238 in-

83 1274 201 1327 certum
223 1285 286 1348 qua
307 1267 455 1341 ratione,
468 1284 544 1325 vnon
568 1273 677 1325 tamen
699 1273 851 1346 tanquam
872 1286 932 1348 per
952 1264 1094 1324 occasio-

82 1369 161 1426 nem,
182 1347 239 1412 sed
259 1350 308 1412 ita
327 1355 365 1409 ut
385 1369 484 1410 nexus
504 1345 636 1430 quidam
659 1348 747 1412 iuter
765 1357 938 1432 utramque
954 1366 1024 1407 rem
1045 1348 1095 1406 in·

81 1430 274 1512 tercederet,
314 1434 402 1494 hisee
422 1430 636 1492 Eumenidum
669 1451 784 1494 nomen
813 1434 1023 1514 imposuisse,
1064 1437 1097 1490 et

82 1514 196 1579 deinde
217 1519 299 1582 viris
315 1515 583 1594 Atheniensibus,
604 1517 662 1594 qui
683 1526 778 1578 antea
798 1515 942 1596 judicum
963 1533 1096 1575 munere

81 1603 182 1662 functi
204 1612 315 1678 eraut,
354 1598 539 1676 mandasse,
576 1608 614 1659 ut
635 1601 731 1660 illum
752 1602 788 1659 in
808 1601 905 1664 finem
926 1599 1001 1663 deas
1023 1617 1097 1659 oum

81 1685 154 1748 aliis
173 1695 243 1748 tum
263 1684 426 1746 sacrificio
449 1684 559 1745 oblato
581 1682 791 1745 honorarent.
1001 1689 1003 1694 '

160 1771 201 1831 Et
222 1770 302 1832 haec
322 1771 391 1829 fere
412 1775 488 1828 sunt
508 1787 589 1849 quae
609 1768 668 1828 sub
690 1770 797 1850 ipsum
816 1769 915 1830 finem
937 1770 1098 1830 erationis

80 1853 249 1918 Minervae
278 1851 367 1913 dicta
397 1859 556 1933 putamus.
600 1850 689 1912 Num
718 1871 797 1914 vero
825 1861 922 1925 antea
950 1853 1099 1934 pluribus

80 1948 114 2000 et
141 1937 181 2000 de
210 1936 355 2018 reliquis
376 1935 483 1996 cultus
503 1933 718 1997 Eumenidum
746 1936 894 2018 partibus
921 1945 955 1998 et
975 1935 1016 1997 de
1037 1937 1100 1997 hoe

80 2024 178 2084 etiam
208 2025 243 2081 iu
276 2027 442 2100 posterum
472 2017 592 2080 deabus
627 2017 803 2080 tribuendo
841 2041 947 2082 sermo
982 2023 1100 2094 fuerat,

78 2115 117 2168 ut
135 2105 334 2167 Fritzschios
356 2123 375 2162 s
420 2111 536 2162 uratur
558 2104 674 2180 iniis,
707 2123 789 2184 quae
809 2109 958 2186 superius
984 2123 1015 2185 p.
1040 2106 1101 2168 195

80 2199 113 2252 et
133 2211 180 2272 sq.
211 2197 294 2252 extr.
328 2185 405 2248 exhi
427 2187 555 2248 nimus?
607 2186 684 2247 Non
716 2188 845 2270 opinor.
898 2190 983 2250 Nam
1019 2209 1101 2270 quae

78 2278 114 2336 in
137 2275 209 2355 ipsa
237 2272 388 2334 oratione
417 2268 524 2332 adhuc
553 2271 712 2332 exstantia
739 2273 848 2333 virum
871 2272 1010 2334 doctum·
1030 2293 1101 2334 mo-

78 2365 215 2435 verunt,
252 2363 291 2416 ut
318 2355 454 2415 alteram
482 2354 550 2430 ejus
578 2363 704 2433 partem
726 2353 790 2413 huc
811 2365 971 2436 spectasse
992 2354 1104 2418 crede-

80 2448 149 2516 ret,
177 2437 278 2501 verba
298 2432 333 2498 τὸ
354 2431 476 2510 λοιπὸν,
512 2437 541 2495 si
562 2437 690 2520 integra
711 2440 889 2514 sententia,
917 2438 976 2498 ubi
995 2440 1104 2520 posita

80 2531 175 2598 sunt,
208 2517 250 2582 ad
273 2519 420 2580 Orestem
441 2519 567 2599 potius,
606 2539 701 2600 quam
724 2518 766 2580 ad
785 2521 999 2584 Athenienses
1020 2525 1104 2584 reie-

77 2603 181 2671 renda
204 2612 269 2683 est,
290 2601 377 2662 nihil
399 2599 556 2680 ejusmodi
578 2603 729 2682 probant.
775 2604 917 2668 Omnino
939 2627 1018 2669 vero
1041 2607 1103 2667 hoc

78 2691 240 2774 placitum
270 2706 312 2747 ne
342 2705 403 2767 per
433 2705 467 2748 se
499 2683 632 2766 quidem
663 2687 833 2768 probabile
864 2697 922 2752 est.
976 2691 1104 2751 Etenim

80 2779 152 2836 siue
181 2773 306 2832 cultum
332 2768 530 2831 dearum-in
556 2771 745 2833 universum
775 2771 1011 2834 instituendum
1037 2793 1106 2836 esse

79 2877 210 2935 censes,
240 2857 310 2916 sive
331 2854 476 2937 singulas
498 2854 672 2914 nonnullas
694 2857 761 2934 ejus
782 2866 891 2940 partes
913 2877 1105 2920 consmemo-

11 2959 12 2982 ³
76 2938 218 3015 randas,
254 2939 322 3000 sive
349 2937 504 3020 populum
526 2938 758 3000 Atheniensem
787 2939 1001 3018 monendum,
1038 2961 1106 3002 om-

11 3099 12 3104 ,
76 3025 178 3084 nibus
199 3022 290 3082 hisce
317 3023 380 3100 jam
402 3031 497 3082 antea
525 3022 726 3082 satisfactum
748 3033 818 3087 eret
839 3045 858 3084 a
879 3024 1031 3088 Minerva
1053 3026 1107 3102 iis,

11 3119 12 3134 ¹
78 3126 167 3188 quae
188 3107 332 3186 primum
352 3103 410 3166 νε.
433 3107 493 3170 771
516 3125 604 3186 sqq„
626 3115 696 3166 tum
717 3105 774 3168 νε.
796 3109 859 3172 797
880 3129 967 3191 sqq„
990 3107 1108 3170 deinde

11 3189 12 3198 ’
74 3191 137 3251 vs.
162 3190 225 3254 829
246 3209 315 3270 sqq.
338 3196 372 3248 et
392 3189 546 3272 inprimis
567 3187 645 3250 inde
667 3210 686 3250 a
707 3191 764 3253 Vs.
781 3192 843 3255 850
864 3211 966 3274 usque
987 3191 1029 3253 ad
1050 3192 1107 3257 Vs.

11 3267 12 3302 ¹
71 3277 153 3340 861.
177 3272 318 3352 denique
338 3270 395 3332 Vs.
418 3273 480 3336 946
500 3293 587 3354 sqq„
617 3272 764 3352 dixerat,
797 3294 937 3356 quorum
959 3277 1109 3338 iocorum

11 3353 13 3388 ²
71 3359 160 3420 talis
187 3357 274 3417 ratic
296 3364 360 3431 est,
400 3364 438 3417 ut
465 3365 563 3437 poeta
597 3357 660 3418 hcc
688 3363 822 3444 negotio
845 3360 1110 3441 insequentibus

11 3453 13 3478 ³
70 3439 295 3523 supersedere
332 3459 398 3500 non
436 3449 502 3506 tam
536 3461 628 3522 posse
666 3463 762 3522 quam
795 3442 914 3504 debere
940 3442 1109 3516 rideatur3

11 3525 16 3566 ὅ
71 3530 184 3590 immo
206 3524 304 3586 ctiam
325 3543 462 3606 pompa,
484 3545 547 3605 qua
567 3524 763 3588 Eumenides
784 3526 825 3589 ad
846 3519 937 3587 sedes
958 3547 1032 3587 suas
1053 3525 1111 3586 du-

13 3604 16 3614 '
72 3617 203 3669 cuntur
226 3615 260 3668 et
281 3627 373 3668 sacra
395 3609 430 3668 in
453 3627 490 3668 ea
512 3607 676 3684 obeunda,
717 3631 799 3690 quae
827 3629 879 3671 res
900 3609 1031 3671 demum
1052 3609 1111 3670 sub

11 3721 14 3754 s
71 3695 181 3752 finem
211 3692 341 3754 fabulae
372 3693 475 3755 fusius
505 3690 750 3768 describuntur,
787 3695 851 3772 jam
879 3693 936 3756 νε.
959 3694 1021 3758 816
1042 3713 1110 3774 sqq.

71 3787 239 3855 tanquam
266 3777 365 3836 etiam
387 3776 423 3835 in
452 3785 619 3856 posterum
646 3774 806 3839 duratura
838 3779 886 3838 ita
915 3797 1111 3856 courmemo-

11 3843 18 3906 i
69 3866 218 3936 rantur,
240 3866 278 3918 ut
298 3879 338 3920 ne
357 3857 397 3920 de
420 3859 483 3920 hoc
504 3857 636 3940 quidem
658 3863 692 3920 in
715 3861 777 3922 hac
798 3859 927 3922 demum
949 3869 1113 3943 postrema

11 3949 19 4078 ἱ
65 3942 257 4010 Minervae
274 3943 424 4010 oratione
445 3963 628 4008 sermonem
649 3945 750 4010 tuisse
770 3945 942 4032 probabile
960 3945 1021 4018 ait3
1044 3942 1113 4004 Mi-
