2812 4690
158 519 345 574 mentem.
394 510 542 574 Animo
571 509 732 588 (violento
753 518 851 592 atque
871 503 1061 592 praecipiti)
1090 521 1181 566 con-

158 593 297 672 ducit,
318 611 460 676 sapere
479 592 692 656 sedentem
713 593 785 656 sub
806 593 1030 680 angustiis.

242 677 333 758 Quae
358 680 424 757 jam
451 685 632 758 sequuntur
660 686 791 758 praeter
815 679 1041 741 necessitatem
1060 689 1182 760 magno

158 770 193 824 et
211 761 316 823 multo
338 779 438 843 opere
458 768 582 822 tentata
603 768 717 823 sunta
729 762 813 824 viris
828 759 943 824 doctis.
987 757 1071 824 Sunt
1091 758 1181 819 enim

156 845 346 921 sanissima,
385 841 484 904 modo
519 843 628 912 brevis
667 843 792 925 syllaba
824 843 965 906 addatur
995 840 1037 905 ad
1074 849 1179 903 metra

157 926 384 1010 exaequanda,
419 925 508 1009 quod
538 926 603 1007 jam
641 927 763 990 factum
792 936 841 992 est
871 948 891 990 a
918 925 1115 991 Wellanero
1146 931 1181 985 et

156 1011 386 1090 Lachmanuo,
414 1014 542 1072 ratione
563 1013 642 1074 satis
663 1010 829 1094 probabili
848 1019 925 1074 aute
941 1011 1078 1075 verbnm
1103 1003 1180 1071 ἁνα-

155 1095 277 1176 τρίφριν
297 1095 515 1156 inserentibus
537 1096 735 1177 particulam
757 1091 811 1172 ἄν,
841 1115 924 1178 quae
944 1095 1102 1156 facillime
1123 1112 1179 1152 ox-

157 1174 269 1242 cidere
288 1179 406 1262 potuit
457 1176 594 1242 Codices
616 1199 713 1244 mscr.
734 1176 776 1241 ad
796 1199 897 1240 unum
919 1198 1029 1241 omnes
1050 1175 1180 1255 καρδίαν

157 1261 296 1341 habent,
317 1280 385 1323 non
405 1259 558 1342 καρδίας,
581 1283 664 1344 qnae
684 1264 767 1324 falsa
788 1273 837 1327 est
857 1263 1040 1336 correctio;
1062 1258 1179 1322 itidem
1271 1287 1272 1290 ¹

67 1355 72 1364 ’
157 1344 189 1406 ἐν
218 1341 310 1428 φάει,
339 1343 427 1428 quod
449 1348 531 1432 legit
553 1350 652 1410 etiam
673 1347 865 1410 scholiastes
887 1356 920 1410 et
946 1355 1035 1408 recte
1055 1346 1103 1408 sio
1125 1363 1179 1404 ex-

156 1430 293 1513 plicuit:
322 1427 355 1491 ἒν
376 1425 461 1512 φάει)
482 1427 742 1514 ίαμπρότητικαί
763 1427 912 1515 ὀρθότητι
932 1431 1062 1512 φρενῶν.
1113 1425 1180 1488 Ubi
1227 1468 1229 1478 ·

157 1513 229 1574 noli
267 1533 287 1576 e
317 1532 399 1576 voce
430 1515 550 1595 φρενῶν
583 1513 797 1591 concludere,
847 1515 1014 1578 hominem
1049 1511 1181 1595 καρδίας

156 1598 319 1678 scriptum
356 1599 529 1659 invenisse.
592 1597 689 1660 Dicit
724 1607 850 1680 poetas
896 1599 1041 1682 ecquis
1079 1613 1179 1659 vero

157 1679 474 1763 haudquaquam
496 1683 539 1742 in
560 1682 655 1745 luce
674 1701 748 1744 cor
776 1682 916 1759 alens,
944 1699 1072 1764 aeque
1098 1681 1180 1760 jam

156 1764 368 1843 justitiam
396 1765 535 1829 colat?
578 1762 659 1829 Cor
685 1766 728 1828 in
755 1765 849 1830 luce
877 1767 992 1842 alere
1013 1772 1078 1826 est:
1119 1764 1180 1824 ita

157 1849 536 1926 conformaretur,
568 1857 614 1910 ut
634 1853 861 1932 purumasit
879 1859 920 1912 et
948 1844 1178 1911 candidum.

156 1929 374 2014 Metaphora‚
402 1951 467 2014 qna
487 1952 553 1995 vox
575 1929 657 2014 φάος
677 1930 719 1995 ad
747 1936 849 1996 animi
871 1932 1047 1996 candorem
1073 1941 1179 1993 traus-

155 2017 282 2093 fertur,
310 2023 398 2080 nota.
456 2013 621 2078 Similiter
651 2015 776 2080 dictum
806 2027 856 2082 est
884 2018 997 2104 Agam.
1019 2015 1077 2079 Vs.
1098 2017 1177 2080 749:

154 2097 240 2161 Δίκα
261 2094 405 2178 λάμπει
433 2107 466 2161 et
488 2095 531 2160 So
556 2099 707 2165 hoclenm
729 2103 832 2164 illud:
869 2101 972 2178 Δίκης
998 2094 1179 2180 ε’ξίλαμηί

156 2181 289 2249 ε’ναίσιον
311 2179 421 2264 φάος.
466 2121 627 2247 Piniarus
648 2184 712 2246 hoc
733 2206 830 2248 sensu
849 2204 926 2246 usus
948 2193 997 2246 est
1016 2183 1179 2251 vocabulo

156 2262 337 2346 ὀφθαλμός,
367 2266 462 2348 Pyth.
484 2266 532 2343 V,
564 2267 621 2329 Vs.
647 2273 703 2347 16,
739 2271 797 2331 uhi
826 2269 903 2333 vide
929 2289 1012 2352 quae
1042 2285 1179 2330 monue-

154 2359 233 2410 runt
252 2349 476 2426 Hermannns,
499 2349 693 2428 Boeclthins,
716 2353 885 2416 Disaenius
906 2354 956 2425 (in
976 2351 1028 2415 ed.
1051 2351 1177 2430 Goth.).

153 2432 269 2514 Neque
284 2453 365 2516 opus
381 2436 447 2496 erit
460 2431 502 2494 ad
521 2437 700 2517 scriptores
723 2437 801 2499 novi
822 2433 964 2498 foederis
986 2453 1176 2518 provocare.

155 2515 332 2578 Contraria
358 2517 550 2600 metaphora
578 2539 678 2602 supra
697 2520 755 2582 Vs.
779 2521 842 2586 437
869 2529 1061 2602 rsurpatum
1081 2535 1178 2582 roca-

153 2600 285 2661 hulum:
317 2597 591 2685 κελαινόφρων
618 2612 652 2665 et
672 2601 826 2688 Sophocl.
849 2601 898 2682 Aj.
921 2603 980 2668 Vs.
1003 2602 1080 2670 95⁵:
1120 2621 1179 2662 κε-

153 2681 357 2746 λαινώπαν
385 2680 486 2764 θωμὸν
518 2685 693 2769 ἐφυβρίζει,
729 2685 957 2772 praedictio,
993 2687 1179 2770 explicante

153 2768 364 2847 Hermanno,
401 2769 510 2832 valets
544 2769 734 2834 κεδαινοίπαν
768 2768 869 2853 θυμὸν
899 2769 961 2855 ἔχει
992 2769 1176 2854 ἐφυβρίζων.

153 2852 194 2912 Et
216 2861 329 2915 nostro
350 2872 478 2936 quoque
500 2853 574 2915 loco
597 2854 613 2917 ὁ
634 2857 728 2935 μηδὲν
748 2855 780 2918 ἕν
805 2853 878 2938 φάει
898 2855 1030 2938 καρδίαν
1051 2851 1179 2932 ἀνατρέ-

155 2959 222 3014 φων
253 2945 303 2998 est
332 2937 348 3000 ὁ
378 2937 521 3018 ὑβρίζων.
575 2938 673 3002 Plura
707 2941 871 3026 congessit
890 2938 1035 3002 lobeck.
1057 2937 1099 3000 ad
1118 2936 1179 2998 So-

153 3019 283 3100 phoclis
311 3021 420 3084 locum
448 3018 547 3083 modo
568 3024 715 3089 citatum.
766 3023 909 3107 Καρδίαν
930 3021 1108 3106 ἀνατρέφων
1127 3019 1179 3084 di·

155 3111 246 3164 ctum
265 3112 304 3163 ut
323 3105 363 3165 fr.
386 3105 464 3168 410:
493 3100 641 3189 Δήμητερ
662 3109 683 3184 ἦ
704 3107 897 3192 δρέψασαι
917 3105 972 3184 την
993 3104 1067 3189 ἐμὴν
1088 3103 1179 3189 φρέ-

152 3205 334 3334 monae
355 3187 455 3254 verba
478 3197 556 3250 sunt
574 3190 730 3275 Aeschyli
761 3193 849 3276 apud
868 3188 1121 3277 Aristophanem
1141 3193 1179 3251 in

241 3635 244 3640 '
277 3611 362 3693 Μήτ’
383 3612 535 3700 inopem
554 3618 633 3700 βίον,

277 3699 352 3804 μητφ
373 3698 610 3784 δεσποτούμενον

279 3807 414 3869 αινεσῃς.
864 3843 866 3850 .

280 3871 382 3929 Παντὶ
399 3867 480 3948 μίτῳ
498 3866 533 3934 co*
555 3868 670 3952 κράτος
689 3871 766 3950 θεὸς
787 3874 918 3942 ὤπασεν·

279 3947 342 4011 ἄλλ’
362 3950 437 4032 ἄλλᾳ
458 3949 483 4013 δ’
504 3953 666 4058 ἐφορεύει·

279 4031 454 4119 &impos
474 4035 500 4100 δ’
508 4063 595 4117 -επος
614 4041 701 4126 λέγω·
