2812 4690
172 359 324 484 ἰιι

250 531 348 614 Quod
375 549 455 596 vero
484 531 876 608 ultramuraneum,
907 541 1021 616 aperte
1045 527 1201 614 παρόντας
1226 535 1282 599 la-

251 619 337 762 dim
357 618 572 694 scholiasteu,
592 615 809 692 confidentius
831 635 927 699 quam
947 619 1058 680 verius
1080 617 1206 681 dictum
1225 623 1283 682 vi·

276 709 360 764 etur.
403 699 492 781 Quid
512 702 600 763 enim
628 700 801 785 probibet,
839 701 1013 780 quominus
1030 691 1109 766 'cum
1129 703 1283 785 explica·

252 785 344 847 tione
370 784 430 844 illa
457 786 620 866 respicere
648 793 799 866 putemus
826 783 963 864 phrasin
992 781 1086 866 ὅρκον
1112 783 1279 867 φέροντας,

253 886 318 950 qua
337 869 389 928 uti
417 869 563 949 potuisse
583 866 743 930 Nostrum
763 885 837 929 mea
856 869 1020 929 sententia
1040 869 1120 932 satis
1142 867 1282 932 demon-

178 975 182 982 *
252 958 337 1012 strat
364 952 615 1016 usitatissimum
640 950 838 1016 vocabulum
869 947 1082 1032 dpusopdpor?
1123 952 1166 1014 Et
1184 950 1279 1014 dicas

202 1074 205 1078 ›
252 1032 338 1096 banc
369 1037 561 1117 opinionem
586 1053 626 1098 eo
651 1053 721 1098 esse
740 1033 1026 1112 verisimiliorem,
1061 1032 1150 1118 quod
1176 1037 1281 1098 etiam

253 1116 444 1182 scholiastes
466 1119 501 1180 iu
519 1118 626 1206 glossa
636 1136 788 1200 praesens
803 1114 1004 1198 adhibuerit,
1023 1137 1091 1180 uon
1103 1119 1278 1182 acrisium.

253 1196 335 1278 sed,
367 1210 406 1264 ut
425 1204 531 1264 fatear
550 1200 639 1283 quod
659 1201 784 1278 sentio,
816 1203 927 1262 forsan
949 1203 1084 1264 omniuo
1104 1220 1172 1264 non
1192 1221 1277 1285 opus

253 1291 322 1359 est,
351 1292 390 1348 ut
419 1284 506 1348 bunc
527 1285 643 1363 aliam,
671 1303 769 1368 quam
796 1285 959 1346 librorum
980 1304 1076 1350 mser.
1099 1285 1278 1350 lectionem

253 1365 506 1447 deprehendisse
533 1369 570 1430 in
597 1367 778 1450 exemplari
798 1385 857 1430 suo
887 1376 1077 1432 statuamus.
1142 1367 1278 1456 Cogites

253 1448 371 1532 modo,
404 1451 585 1514 dictionem
612 1449 707 1531 ὄρνισι
726 1453 824 1533 περᾶν
849 1451 1097 1516 insolentiorem
1119 1471 1205 1534 esse,
1243 1462 1279 1516 et

224 1581 227 1584 -
253 1535 352 1599 istam
372 1536 549 1602 verborum
569 1537 877 1619 interpretationem
895 1543 1012 1618 sponte
1033 1538 1126 1618 quasi
1147 1537 1279 1601 homiui

253 1618 291 1680 in
310 1629 452 1682 mentem
473 1620 588 1684 venire
607 1616 767 1696 debuisse,
789 1637 888 1702 quum
910 1621 1089 1696 contraria,
1109 1619 1192 1704 quid
1211 1621 1278 1684 sibi

253 1703 352 1782 uelit,
385 1704 451 1766 nisi
483 1710 592 1769 cetera
619 1703 780 1768 vocabula
810 1711 934 1767 mutata
965 1704 1108 1783 tuerint,
1141 1707 1277 1766 omniuo

253 1805 322 1848 nou
350 1787 491 1870 liqueat,
521 1785 605 1849 haee
625 1806 704 1852 vero
735 1806 802 1850 non
828 1788 890 1866 sit,
921 1805 981 1848 cur
1009 1787 1108 1850 aliter
1121 1807 1148 1859 ,a
1168 1809 1300 1888 gram·

254 1870 377 1934 matieo
409 1871 494 1933 lecta
522 1871 623 1932 fuisse
644 1867 830 1949 credamus,
862 1890 959 1954 quam
979 1871 1083 1957 vulgo
1100 1871 1278 1936 exhibean-

199 1955 203 1970 “
253 1959 321 2020 tur,
365 1952 566 2034 Quamquam
587 1953 649 2015 hac
670 1951 803 2036 quidem
825 1951 865 2018 de
885 1973 922 2016 rc
942 1962 1033 2016 cartu
1060 1951 1201 2034 judicari
1221 1975 1279 2018 ue·

180 2076 182 2084 .
254 2035 337 2116 quit.
387 2033 453 2099 Sed
479 2036 609 2098 etiamsi
636 2037 828 2098 scholiastes
852 2039 923 2101 sive
948 2033 1103 2118 πορόντας
1129 2041 1197 2104 sive
1219 2038 1277 2120 φέ-

256 2139 367 2200 ροντας
393 2120 513 2205 legerit
540 2136 602 2200 pro
630 2121 806 2202 περῶντας,
838 2139 905 2184 τινα
929 2125 1095 2204 sequitur,
1126 2129 1163 2184 nt
1193 2122 1277 2186 haee

254 2203 369 2264 verior
389 2203 444 2282 sit,
465 2220 562 2284 quam
581 2202 745 2265 librorum
765 2223 865 2270 mser.
876 2206 1024 2266 omnium
1044 2206 1154 2286 lectio,
1175 2225 1278 2288 quum

254 2285 451 2368 praesertim
465 2303 505 2348 ea
518 2281 690 2350 difficilior
709 2289 765 2366 sit,
851 2307 884 2350 m
905 2286 952 2368 id,
973 2286 1062 2371 quod
1083 2289 1278 2354 scholiastae

255 2375 332 2430 anta
352 2371 466 2432 oeulos
480 2369 594 2434 tuisse
619 2372 734 2452 possit.
809 2373 822 2432 i
841 2391 940 2438 versu
959 2373 1021 2437 465
1048 2374 1185 2438 verbum
1211 2371 1279 2450 ἥξω

251 2454 415 2530 retineas,
453 2472 521 2516 nou
548 2454 680 2532 licebit,
722 2457 860 2541 opinor,
898 2458 1000 2522 verba
1032 2457 1161 2542 διαιρεῖν
1188 2461 1278 2524 τοῦτο

254 2533 368 2618 πρᾶγμ’
400 2533 552 2616 ἐτητύμως
591 2539 658 2600 uisi
690 2537 731 2601 de
764 2539 918 2605 Minerva
951 2539 1040 2604 dicta
1078 2543 1277 2630 intelligere,

232 2671 233 2674 ,
254 2619 311 2682 vel
330 2621 446 2684 saltem
473 2623 573 2686 simut
593 2619 635 2684 de
662 2621 723 2686 hac
744 2631 778 2688 et
798 2621 839 2686 de
866 2621 1038 2703 iudicibus.
1101 2625 1176 2690 Jam
1196 2647 1277 2692 vero

255 2687 370 2767 eadem
397 2723 495 2785 supra
516 2703 575 2772 Vs.
599 2707 662 2770 449
684 2727 730 2849 sp.
760 2705 801 2768 de
826 2727 863 2770 sc
883 2726 1017 2792 prorsus
1040 2711 1207 2776 contrarie
1227 2713 1277 2774 lo·

255 2792 331 2845 cula
356 2796 412 2849 est.
458 2785 567 2868 Quare
587 2789 673 2852 oriri
717 2790 790 2852 ebet
808 2793 963 2874 suspicio,
984 2811 1099 2856 rocem
1118 2791 1183 2870 ἥξω
1205 2814 1277 2857 cor-

255 2875 386 2952 ruptam
408 2889 486 2936 esss.
529 2871 570 2934 Et
589 2874 766 2954 scripserat
785 2882 883 2958 poeta
903 2877 1020 2958 procul
1042 2875 1161 2940 dubio:

380 2952 525 3037 Κρύνασα
545 2949 571 3018 d
593 2951 694 3020 ἀστῶν
712 2957 772 3018 τῶν
793 2957 871 3037 ἐμῶν
891 2957 929 3022 τὰ
949 2959 1077 3039 βέλτατα

382 3041 491 3120 εἵρξω,
517 3038 646 3118 διαιρεῖν
665 3041 752 3104 τοῦτο
771 3037 884 3144 πρᾶγμ’
905 3040 1069 3123 ἐτητύμως,
1156 3081 1161 3090 ·

382 3119 475 3202 ὅρκον
493 3127 650 3206 περῶντας
670 3124 763 3203 μηδὲν
783 3126 903 3190 τιιὸικιν
923 3124 1053 3210 φράσαι.

256 3207 380 3270 Verte:
426 3203 614 3270 Secretis
640 3226 740 3270 raro
769 3211 926 3274 civium
959 3213 1142 3277 meorum
1169 3219 1276 3297 opti-

256 3291 344 3370 mis,
365 3289 525 3369 arcebo,
546 3291 609 3357 sic
632 3299 678 3362 ut
700 3311 795 3354 rere
816 3291 1019 3360 dirimant
1040 3295 1144 3358 banc
1166 3318 1275 3364 caus-

256 3392 363 3448 sam,
401 3393 449 3446 ne
482 3372 759 3456 jurejurando
791 3379 957 3441 violato
987 3379 1140 3460 injusti
1173 3383 1277 3464 quid

256 3459 493 3538 proferant.
535 3457 714 3522 construe:
749 3463 838 3543 εἵρξω
860 3459 918 3538 (sc.
942 3455 1042 3525 ύστσῖν
1060 3465 1121 3528 τῶν
1141 3463 1217 3547 ἐμῶν
1237 3466 1276 3530 τύ

254 3538 396 3624 βέλτατα)
429 3537 524 3623 ὅρκοι
551 3543 708 3624 περῶντας
733 3543 826 3622 μηδὲν
857 3541 977 3610 ἔκδικον
1004 3545 1143 3628 φράσαι,
1173 3547 1275 3636 (ὥστε)

188 3643 201 3660 ·
257 3622 391 3707 διαιρεῖν
404 3625 493 3688 τοῦτο
513 3621 625 3706 πρᾶγμ’
646 3623 806 3707 ἐτητύμως.
850 3627 901 3692 De
922 3627 1068 3694 dictione
1089 3637 1179 3716 εἵρξω
1188 3683 1201 3713 ,
1221 3635 1276 3719 ὄρ-

255 3731 312 3772 ιισν
337 3707 495 3790 περῶντας
521 3709 615 3790 μηδὲν
642 3706 762 3774 ἔκδικον
791 3707 929 3797 φράσαι,
967 3732 1007 3776 eo
1035 3735 1149 3798 seusu,
1180 3741 1276 3802 quem

254 3788 354 3852 modo
371 3789 531 3855 vertendo
553 3795 716 3876 expressi,
746 3806 917 3879 usurpata,
948 3816 1016 3860 non
1039 3819 1120 3883 opus
1139 3807 1276 3868 seorsim

255 3873 376 3942 dicere.
433 3870 564 3957 Φρύσαι
583 3878 648 3956 jam
675 3876 802 3956 Pears.,
829 3879 983 3956 casaub„
1013 3880 1118 3949 Staul.
1139 3887 1274 3968 placuit.

253 3957 347 4023 Haec
373 3956 559 4022 emendatio
581 3979 756 4043 sanequam
783 3963 891 4026 facilis
913 3974 1071 4046 quantum
1090 3970 1199 4032 ualeat
1225 3973 1275 4032 iu·

254 4044 306 4107 tra
327 4039 457 4110 demum
478 4063 612 4130 prorsus
633 4045 816 4132 apparebit.
857 4045 946 4114 Vide
966 4047 1009 4116 ad
1028 4045 1087 4118 Vs.
1104 4055 1168 4122 650
1181 4075 1272 4140 sqq..
