2812 4690
1100 333 1172 410 lll

152 524 339 578 mentem.
388 514 536 578 Animo
565 512 726 592 (violento
747 522 844 596 atque
865 507 1056 596 praecipiti)
1084 524 1176 570 ocn-

152 597 291 676 dncit,
312 615 454 680 sapere
473 594 687 660 sedentem
708 598 779 659 snb
800 597 1024 685 angustiis.

236 681 326 762 Quae
352 684 418 760 jam
446 690 627 762 sequuntur
654 691 785 762 praeter
809 683 1035 746 necessitatem
1054 694 1176 764 magno

152 774 187 827 et
206 765 311 828 multo
332 783 431 847 opere
452 772 576 826 tentata
597 772 674 826 sunt
690 784 711 826 a
724 766 807 828 viris
823 763 938 829 doctis.
981 761 1065 828 Sunt
1085 761 1175 824 enim

151 850 340 925 sanissima,
379 845 477 909 modo
514 847 622 916 brevis
661 847 786 929 syllaba
818 847 959 912 addatur
989 845 1031 908 ad
1068 853 1174 908 metra

150 930 378 1014 exaequanda,
414 928 502 1013 qnod
532 931 597 1011 jam
635 931 757 994 factum
786 939 835 994 est
866 951 885 994 s
912 929 1109 995 Wellauero
1140 935 1175 988 et

149 1015 380 1094 lachmanno,
409 1017 537 1077 ratione
557 1017 636 1078 satis
656 1014 824 1117 probahili
843 1023 919 1078 ante
935 1015 1072 1079 verbnm
1098 1008 1175 1075 ἀνα-

149 1122 271 1246 {litt
283 1099 1174 1264 tthtmitttt‘¹ttltftttntt³tltltttt

151 1265 291 1346 hahent,
311 1285 379 1328 non
399 1265 531 1345 καρδίας
541 1311 553 1341 ,
576 1287 658 1348 quae
679 1268 761 1328 falsa
782 1277 832 1330 est
851 1267 1034 1339 correctio;
1056 1263 1174 1328 itidem

60 1359 65 1368 ’
151 1349 184 1410 ἒν
213 1344 304 1432 φάει,
334 1349 422 1431 quod
443 1352 526 1436 legit
547 1353 646 1414 etiam
667 1351 859 1414 scholiastes
881 1361 914 1414 et
941 1359 1030 1412 recte
1049 1350 1097 1414 sic
1119 1368 1174 1408 ex-

150 1433 287 1517 plicuit:
316 1431 349 1495 ίν
370 1428 455 1516 φάει)
476 1431 736 1517 λαμπρότητνααί
757 1431 907 1519 ὀρθότητι
926 1435 1056 1516 φρενοίν.
1108 1430 1175 1494 Ubi
1221 1470 1223 1482 ι

151 1517 223 1578 noli
261 1538 281 1580 e
311 1535 393 1582 voce
424 1519 545 1599 φρενῶν
577 1516 791 1596 concludere,
841 1519 1008 1582 hominem
1043 1515 1175 1599 καρδίας

150 1602 312 1682 scriptum
351 1603 523 1664 invenisse.
586 1601 682 1666 Dicit
718 1611 844 1684 poetas
891 1603 1035 1685 acquic
1074 1617 1174 1663 vero

151 1682 468 1767 haudquaquam
490 1687 533 1746 in
555 1686 649 1750 lnce
669 1704 742 1748 cor
770 1686 910 1764 alens,
938 1704 1066 1768 aeque
1092 1685 1174 1764 jam

150 1768 362 1846 justitiam
390 1768 529 1834 colati
572 1767 653 1832 Cor
679 1771 723 1836 in
749 1769 843 1834 luce
871 1771 986 1833 alere
1007 1777 1072 1830 est:
1114 1768 1175 1829 ita

151 1853 421 1915 conformare
442 1872 530 1930 cor,
561 1862 609 1915 nt
629 1857 855 1935 purumssit
873 1863 914 1916 et
941 1849 1172 1916 candidum.

150 1931 368 2018 Metaphore‚
396 1955 461 2018 qna
481 1957 547 1999 vox
569 1933 651 2017 φάος
671 1934 713 1998 ad
740 1940 843 2000 animi
865 1937 1041 2002 candorem
1068 1945 1174 1998 trans·

150 2021 276 2097 fertur,
305 2028 392 2084 uota.
450 2017 615 2083 Similiter
645 2019 769 2086 dictum
800 2033 850 2086 est
878 2022 991 2108 Agam.
1014 2020 1071 2082 Vs.
1093 2022 1172 2085 749:

148 2101 234 2165 Δίκα
255 2097 398 2183 λάμπεν
426 2112 460 2165 et
482 2101 701 2249 Sophocleum
724 2107 825 2169 illud:
863 2105 966 2182 Δίκης
992 2099 1173 2184 ε’ξε’λαμψ’

149 2185 283 2253 ε’ναίσιον
305 2184 415 2268 φάος.
460 2187 520 2248 Pin
545 2209 621 2250 arus
642 2189 706 2250 hoc
727 2210 825 2253 sensu
844 2209 920 2252 usus
942 2198 991 2250 est
1010 2188 1173 2256 vocabulo

149 2266 331 2350 ὀφθαλμός,
362 2271 456 2353 Pyth.
478 2270 526 2348 V,
558 2271 615 2334 Vs.
641 2277 697 2353 16,
733 2276 791 2336 ubi
820 2273 898 2338 vide
923 2293 1006 2356 quae
1037 2290 1174 2334 monue-

148 2363 226 2414 runt
246 2355 470 2432 Hermannus,
493 2354 687 2432 Boeckhius,
710 2357 879 2419 Disaenius
900 2359 950 2429 (in
971 2355 1022 2419 ed.
1045 2355 1171 2434 Goth).

147 2437 263 2518 Neque
278 2457 359 2519 opus
374 2439 442 2499 erit
454 2433 496 2497 ad
516 2440 695 2520 scriptores
717 2441 795 2502 novi
816 2437 958 2502 foederis
980 2457 1171 2523 provocare.

149 2517 325 2581 Contraria
352 2517 545 2601 metaphora
572 2541 671 2604 supra
692 2522 750 2584 Vs.
773 2525 836 2588 437
864 2532 1056 2605 usurpatum
1075 2540 1173 2585 voca-

147 2603 279 2664 bulum:
311 2599 585 2688 κελαινόφρων
613 2614 647 2668 et
667 2604 821 2691 Sophocl.
843 2604 893 2686 Aj.
916 2606 974 2672 Vs.
997 2605 1075 2673 955:
1115 2624 1174 2665 sa-

148 2684 351 2749 λαινοίπαν
380 2683 481 2766 copis
513 2687 687 2772 ἐφυβρίζει,
723 2711 806 2774 quae
828 2687 951 2771 dictio,
988 2690 1174 2774 explicante

146 2771 358 2849 Hermanno,
395 2771 505 2834 valet:
538 2772 728 2838 κελαινώπαν
762 2771 863 2857 θυμὸν
893 2771 955 2858 ε”χεν
987 2773 1170 2858 ἐφυβρίζων.

147 2855 188 2915 Et
210 2864 324 2917 nostro
344 2873 472 2939 qnoque
494 2856 568 2918 loco
591 2857 607 2920 ὁ
629 2860 722 2938 μηδὲν
743 2858 774 2921 ίν
799 2857 872 2940 φάει
893 2859 1024 2943 καρδίαν
1046 2854 1174 2936 ἀνατρί-

149 2962 216 3017 φων
248 2947 298 3000 est
326 2939 343 3001 ὁ
373 2939 515 3020 ὑβρίζων.
569 2941 667 3004 Plura
701 2945 866 3030 congessit
884 2942 1029 3006 Iobeclu
1051 2941 1093 3004 ad
1112 2940 1174 3003 So-

148 3023 277 3102 phoclis
305 3023 415 3085 locum
442 3021 541 3086 modo
562 3027 709 3092 citatum.
760 3027 903 3110 Καρδίαν
924 3023 1103 3110 ἀνατρέφων
1121 3022 1173 3088 di·

149 3114 238 3168 cium
259 3114 298 3167 ut
317 3109 357 3168 fr.
380 3108 458 3171 41⁰2
487 3103 635 3192 Δήμητερ
656 3112 677 3187 ἦ
698 3111 891 3196 θρέψασα
911 3109 967 3188 τήν
987 3109 1061 3193 ε’μῆν
1082 3107 1173 3193 φρέ-

146 3197 228 3336 aa).
245 3209 328 3273 qnae
348 3191 449 3256 verba
472 3199 550 3254 sunt
567 3193 724 3278 Aeschyli
756 3197 843 3280 apud
862 3192 1115 3281 Aristophanem
1136 3197 1173 3254 in

174 3294 255 3338 anis.
277 3313 319 3326 -
349 3317 356 3332 ·
775 3329 778 3336 .

370 3433 373 3440 ι
488 3428 557 3540 Vs.
585 3464 827 3545 500-509.

234 3637 237 3644 “
271 3615 356 3696 Μήτ’
377 3615 529 3703 ἄναρκτον
547 3622 627 3703 βίον,

270 3702 346 3806 μρτρ
366 3701 604 3788 δεσποτούμενον

272 3810 407 3872 cecrops.
857 3849 860 3856 ,

274 3874 375 3932 Παντὶ
392 3870 474 3952 με’σῳ
492 3869 527 3938 cd
548 3871 664 3958 κράτος
682 3875 760 3954 θεὸς
781 3878 912 3946 ὤπασεν·

273 3950 335 4014 ἄλλ’
356 3953 430 4035 ἄλλα
451 3952 477 4016 δ’
498 3957 659 4062 &peperisti

272 4035 447 4122 Ξύμμετρον
468 4038 493 4104 δ’
502 4067 588 4120 enoc
607 4044 694 4130 λέγω·
746 4089 750 4094 -
