2652 4688
1024 353 1099 430 229

79 521 131 582 vel
154 517 292 594 αὐτοῖνὲ)
312 521 397 584 ἐκεῖ
414 521 622 596 ἐποίησεν·
662 518 744 602 τόσῳ
765 518 797 584 δὲ
826 520 901 602 λέγει
927 525 968 601 τῷ
987 513 1101 605 Ἀρείῳ

79 601 181 684 πάγῳ,
219 606 297 685 φασὶ
324 602 383 686 γὰρ
404 603 480 687 μετὰ
504 601 560 680 τὴν
589 607 675 684 δίκην
701 603 772 678 τούς
791 603 986 682 Ἀθηναίους
1017 607 1100 669 οἰκο-

80 688 212 766 ὃομῆσαο
238 689 302 750 ἐκεῖ
326 692 386 751 reio
413 691 497 752 denir
521 687 606 772 ἱερὸν
631 687 710 772 πρὸς
738 687 888 770 εὐμένειαν
920 688 1034 766 αὐτῶν,
1057 723 1099 736 -

78 771 179 836 schol.
209 771 251 832 ad
279 773 391 856 Enrip.
422 773 528 836 Orest.
558 771 614 835 Vs.
639 774 730 839 1645.
760 777 811 840 46.
840 773 977 839 Matthr
1021 771 1100 854 psol

79 854 127 930 δέ,
151 853 212 917 ὅτι
232 859 299 916 καὶ
326 853 437 938 ἱερὸν
457 854 584 934 (οὗτος
605 857 677 920 add.
701 857 790 935 Bar.)
812 857 852 918 ἑο
871 854 1011 940 Ἀρείῳ
1031 853 1098 918 πά-

76 961 124 1018 γῳ
159 940 231 1000 noio
265 942 369 1002 θεοῖο
404 939 616 1024 ἱδρύσατο,
659 937 937 1018 ἐξολεούμεοος
974 938 1097 1012 atinde

76 1018 168 1099 μετὰ
197 1019 266 1098 τήν
295 1025 408 1099 νίκην
435 1025 512 1102 (scr.
537 1025 638 1102 δίκην)
670 1021 851 1105 εὐμενεῖς
878 1021 998 1098 αὐτὰς
1030 1026 1097 1086 τοῦ

77 1108 212 1168 λοιποῦ
243 1107 532 1170 καθίστασθαι.
577 1108 702 1189 Quodsi
729 1110 833 1194 igitur
862 1111 972 1190 perois
991 1111 1097 1169 Fritz-

75 1189 200 1250 sobius:
246 1189 313 1250 »lm
333 1191 528 1278 Gegenthell
550 1193 631 1278 liegt
652 1213 687 1253 es
707 1212 762 1252 am
781 1192 888 1278 Tage,
921 1156 993 1253 dass
1016 1191 1096 1251 Ore-

74 1278 137 1333 stes
159 1273 276 1335 frither
294 1275 402 1336 Athen
431 1277 585 1352 verliess,
623 1277 672 1337 als
700 1275 759 1337 die·
775 1274 917 1337 Senineu
937 1278 971 1335 iu
1001 1275 1097 1336 ihren
1128 1347 1130 1352 .

74 1354 227 1441 dortigen
257 1357 435 1421 Thalamos
468 1361 691 1445 eingegongen
721 1377 851 1432 waren3
894 1358 947 1420 die
976 1359 1096 1418 Furien

73 1438 208 1502 standen
237 1441 322 1502 heim
344 1439 541 1530 Weggange
569 1440 624 1504 des
647 1441 776 1504 Orestes
805 1451 855 1504 est
875 1445 921 1501 im
943 1441 1094 1527 Begriffe,

72 1519 159 1584 diess
187 1543 230 1584 un
260 1525 354 1586 thun.
398 1524 443 1586 So
475 1527 567 1588 stellt
595 1525 773 1606 Aeschylus
805 1525 860 1588 dic
887 1523 992 1586 Sache
1023 1523 1093 1600 der,

73 1605 156 1666 nach
186 1607 345 1671 welchem
374 1609 504 1670 Orestes
531 1610 638 1670 Athen
666 1610 768 1670 sehon
789 1608 830 1668 V.
852 1611 913 1674 tut
946 1609 1092 1683 verliisst,

70 1693 202 1750 woraul
227 1688 281 1752 die
301 1693 422 1754 Furien
450 1694 535 1752 aul's
555 1692 649 1754 Neue
675 1694 792 1777 corrig
818 1692 951 1756 werden
980 1690 1029 1750 his
1051 1689 1092 1751 V.

69 1774 151 1846 852,
179 1767 266 1837 deun
287 1789 352 1836 von
373 1773 435 1836 der
453 1775 580 1838 Athene
601 1777 672 1836 sich
694 1776 894 1862 besiinltigen
916 1776 1021 1835 lescen
1043 1773 1093 1834 bis

69 1855 111 1918 V.
133 1857 213 1934 875,
244 1856 472 1944 Segeuslieder
491 1862 604 1944 singen
626 1859 677 1920 bis
698 1858 739 1921 V.
762 1861 840 1933 974,
873 1855 940 1918 und
962 1854 1094 1918 endlich
1180 1875 1182 1882 ·

68 1957 121 1999 am
141 1938 302 2018 lSchlusse
330 1940 481 2002 feierlioh
509 1943 591 2002 nach
621 1943 728 2002 ihrem
756 1941 933 2002 Thalamos
959 1941 1094 2024 geleitet

66 2021 213 2100 werden.
256 2025 320 2085 Dio
349 2023 688 2086 Uebereinstimmuor
719 2026 781 2086 mit
811 2027 906 2086 allem
929 2019 1093 2084 Uebrisen
1166 2033 1170 2042 '

67 2105 252 2192 berechtigt
280 2126 342 2168 uns
362 2129 405 2168 su
433 2107 632 2190 hehaupten,
667 2072 744 2170 'dass
765 2107 944 2188 Aeschylus
965 2109 1001 2167 in
1023 2071 1093 2166 die·
1129 2105 1133 2114 ⁴

66 2210 120 2252 ser
143 2189 303 2275 Ordnung
324 2189 383 2253 dor
403 2191 512 2277 Dioge
538 2191 602 2254 den
628 2191 673 2253 all
697 2193 844 2254 emeiuen
865 2191 952 2252 ohne
973 2188 1093 2250 Varia·
1212 2195 1216 2208 ·

64 2274 137 2334 tion
158 2275 353 2359 geglenhten
369 2273 506 2354 Mythus
527 2212 718 2360 ‹largesteAlt
740 2275 814 2335 hat«
838 2313 879 2325 -
900 2281 1013 2357 operte
1032 2272 1093 2331 lal-

64 2357 149 2416 litur
169 2360 206 2417 in
226 2359 280 2430 iis,
303 2376 386 2438 quae
407 2359 466 2417 sub
487 2358 584 2420 finem
606 2359 714 2438 posita
735 2366 821 2434 sunt,
844 2376 903 2417 nec
923 2373 1001 2416 sane
1021 2354 1092 2414 ullo

64 2436 164 2498 modo
192 2441 376 2520 perspexit,
415 2438 496 2519 quid
523 2459 541 2500 e
569 2440 753 2500 fabularum
785 2440 982 2518 auctoritate
1009 2437 1091 2495 scri-

63 2523 172 2604 pserit
190 2531 306 2603 poete,
341 2519 483 2603 quidde
510 2539 570 2583 sno
592 2519 731 2584 dederit.
772 2522 822 2583 An
844 2539 939 2598 vero,
968 2528 1007 2580 ut
1028 2518 1091 2580 hoc

63 2605 185 2667 leviter
205 2605 377 2691 attingam,
399 2605 476 2685 quia
496 2603 625 2686 abipso
643 2613 930 2668 commemoratum
952 2611 1011 2678 est,
1033 2619 1092 2681 pu-

63 2688 159 2766 tavit,
180 2687 378 2768 Aeschylum
400 2686 496 2765 illud,
518 2687 605 2770 quod
627 2687 713 2768 opud
734 2690 927 2751 Pausaniam
948 2687 972 2751 l.
995 2705 1021 2747 c.
1043 2685 1090 2744 le-

62 2772 156 2857 gitur
177 2770 218 2834 de
239 2771 355 2834 Oreste
376 2770 549 2834 Minervae
569 2771 756 2835 Mavortius
784 2791 876 2833 aram
900 2787 1092 2832 consecran-

62 2864 113 2933 te,
135 2875 178 2917 ne
199 2855 305 2916 dicam
321 2855 543 2954 significasse,
571 2854 631 2918 sed*
647 2865 756 2919 tamen
778 2857 878 2917 tacite
897 2853 1092 2936 sumpsisse?

63 2939 143 3017 Quas
156 2938 200 3000 tle
221 2947 316 3000 rent
337 2939 423 3000 nihil
451 2936 538 3021 apud
560 2939 717 3000 Nostrum
743 2941 909 3021 reperitur
930 2953 1091 3000 memora-

61 3031 153 3100 tum,
194 3031 228 3084 et
247 3029 337 3083 recte
360 3019 509 3103 quidem,
551 3031 667 3084 contra
689 3021 776 3085 idem
799 3019 979 3104 quomodo,
1014 3017 1092 3078 dum

61 3115 105 3168 et
117 3107 243 3170 cultum
263 3103 480 3166 Eumenidum
501 3105 733 3169 Atheniensem
763 3106 893 3168 institui
922 3105 1020 3179 fecit,
1058 3108 1093 3160 et

60 3193 182 3252 nomen
209 3190 311 3252 hocce
335 3188 480 3269 imponi,
521 3191 717 3272 apartibus
747 3191 933 3252 fabularum
963 3185 1093 3248 steterit

62 3275 146 3336 hoec
175 3274 286 3335 omnia
322 3270 365 3332 ad
396 3271 523 3334 Orestis
549 3276 743 3336 memoriam
774 3269 965 3346 referendo,
1003 3269 1092 3328 infra

60 3357 259 3427 videbimus.
305 3355 447 3417 Omnino
468 3389 510 3403 -
531 3357 592 3418 ills
612 3359 701 3419 enim
723 3366 757 3420 et
775 3357 899 3418 similes
921 3365 1092 3439 argumen-

60 3439 156 3503 tandi
178 3442 322 3502 rationes
345 3457 440 3521 quam
462 3457 578 3521 parum
600 3439 649 3504 ad'*
662 3461 732 3502 rem
759 3443 883 3502 leniant
903 3439 956 3501 rel
976 3454 1037 3519 per
1057 3452 1091 3494 se

60 3532 155 3605 patet
174 3559 216 3574 -
237 3526 346 3608 quivis
373 3522 606 3606 praejudicatis
628 3523 839 3607 opinionibus
861 3541 927 3584 non
956 3533 1091 3603 praepe-

63 3606 171 3685 ditus,
212 3606 329 3684 credo,
371 3625 411 3668 eo
440 3607 672 3689 propendebit,
712 3618 750 3668 ut
777 3608 876 3668 sicuti
903 3607 980 3666 aliis
1007 3603 1091 3660 locis

61 3691 224 3771 Erinnyes
240 3689 388 3754 ridtmus
410 3699 547 3773 propter
561 3692 708 3753 Orestem
730 3692 770 3753 ab
789 3686 1092 3752 earum‘vexatione

62 3781 163 3856 atque
184 3775 401 3838 insectatione
422 3775 596 3836 liberatum
624 3778 744 3837 nomen'
764 3772 980 3834 Eumenidum
1001 3783 1093 3827 aoce-

62 3858 153 3940 pisse
181 3859 323 3938 putum:
351 3861 400 3920 rio
426 3859 527 3920 etiam
547 3858 701 3936 Athenis,
743 3858 803 3920 ubi
831 3866 865 3920 et
893 3856 979 3919 idem
1008 3844 1093 3910 illud

63 3947 188 4003 factum
210 3949 294 4002 esset
322 3951 360 4002 et·
375 3942 548 4003 Furiarum
568 3943 693 4020 cultus,
732 3945 880 4025 quamvis
907 3939 1002 4002 vario
1024 3949 1092 3992 nro·

64 4023 128 4102 do,
171 4021 214 4086 sd
245 4023 394 4089 Orestem
425 4029 666 4088 referretur-
687 4030 746 4090 cfr.
780 4027 879 4090 etiam
899 4022 1030 4106 Ulpian.
1053 4011 1094 4074 ad
