2794 4692
130 317 133 326 '
210 343 292 420 cx

331 519 414 594 Post
445 519 511 595 hos
543 539 728 594 sermones
753 519 919 595 Minerva
953 515 1154 619 signifieat,
1200 545 1252 616 se,

228 644 341 716 quum
374 620 461 694 satis
498 620 546 696 sit
579 620 740 712 dictum,
785 622 861 716 jam
896 619 1031 716 judiees
1066 622 1255 716 jussuram

228 745 306 797 esse
323 719 374 804 ,de
399 720 572 796 sententia
593 722 731 816 justum
755 722 855 796 ferre
879 719 1107 823 suffragium

328 821 459 896 Furiae
480 836 649 913 monent,
686 846 747 914 se,
783 847 896 919 quum
920 823 997 918 jam
1021 822 1146 899 omnia
1170 843 1266 920 pro-⁸

207 921 401 1013 tulerint,
432 949 522 1019 quae
543 923 691 998 dicenda
710 921 926 1015 habuerint,
962 921 1101 998 exitum
1124 926 1254 1021 judieii

229 1038 457 1118 exspectare,
497 1039 533 1098 et
557 1023 682 1097 deinde
714 1037 904 1119 quaerente
929 1023 1123 1117 Minerva,
1167 1026 1254 1122 quid

228 1123 299 1220 ipsi
325 1124 613 1199 constituendum
639 1124 706 1217 sit,
739 1139 779 1198 ut
801 1121 874 1197 illis
897 1124 1015 1219 aliqua
1040 1125 1180 1200 ratione
1200 1127 1253 1200 ir·

229 1224 448 1320 reprehensa
473 1226 600 1300 existat
618 1222 705 1316 ¹¹⁰),
731 1224 775 1300 ad
796 1221 932 1320 judices
956 1248 1172 1318 conversae,
1198 1228 1253 1300 ni-

228 1325 285 1399 hil¹
318 1341 456 1400 restare
486 1327 715 1423 praedicant3
761 1322 831 1398 nisi
862 1338 902 1398 ut
930 1325 1183 1421 jusjurandum
1214 1329 1254 1402 in

229 1426 352 1502 animo
378 1442 582 1502 reverentes
608 1426 821 1502 sententiam
846 1424 975 1499 ferant.

329 1525 414 1600 Inde
439 1529 604 1603 Minerva
625 1527 669 1602 ad
695 1551 779 1618 eos,
816 1526 878 1621 qui
902 1524 942 1599 in
963 1527 1141 1622 praesenti
1162 1527 1254 1625 judi-

229 1645 444 1729 naengum,
490 1653 665 1704 conversa
689 1627 926 1724 pronunciat,
966 1651 1026 1701 eos
1050 1629 1126 1725 jam
1151 1654 1253 1727 prae·

229 1745 331 1826 cepta
356 1729 467 1826 ipsius
491 1730 674 1806 audituros
696 1753 771 1802 essa
788 1728 867 1822 ¹¹¹).
919 1726 1016 1820 Quae
1041 1730 1254 1828 priusquam

328 1971 489 2032 peroratam
522 1963 633 2032 prolata
666 1979 720 2017 non
751 1963 785 2017 ad
810 1961 966 2017 Minervam
996 1968 1036 2015 eit
1053 1961 1254 2034 Areopagitas,

331 2040 363 2084 ut
380 2042 461 2084 antea
480 2030 529 2084 νε.
546 2033 597 2084 598
615 2047 675 2098 εει,
699 2032 750 2086 sed
767 2032 802 2086 ad
820 2034 907 2086 solam
925 2031 1102 2098 Minervam,
1120 2049 1176 2087 non
1193 2048 1255 2087 eant

328 2099 434 2166 judicis
452 2111 547 2169 partes
565 2113 712 2168 agentern,
740 2099 877 2156 converti.

229 2193 291 2259 110)
331 2191 533 2257 01114118,
553 2191 589 2246 de
608 2209 664 2262 quo
683 2192 808 2246 diximus
828 2192 857 2247 in
876 2191 991 2247 Adnott.
1010 2210 1038 2262 p.
1049 2193 1109 2248 129.
1143 2193 1253 2248 Abre-

332 2259 459 2317 senius
482 2270 596 2327 censet,
625 2279 676 2331 pro
695 2259 752 2314 πῶς
768 2260 858 2314 scribi
877 2276 980 2330 posses
1007 2275 1081 2324 uus,
1108 2263 1183 2328 qnod
1202 2279 1254 2316 vo-

332 2331 461 2385 cabulum
480 2347 533 2401 per
550 2333 726 2402 hyperbaton
747 2347 808 2385 cum
826 2325 951 2398 ἄμομφος
969 2331 1185 2384 construendum
1203 2331 1255 2398 sit·v

333 2399 366 2453 ld
386 2399 476 2469 ipsunt
495 2399 602 2467 aliquis
619 2399 753 2467 dixerit,
782 2399 955 2455 scholiastae
973 2399 1010 2452 ob
1028 2399 1128 2454 oculos
1144 2399 1254 2469 fuisee3

329 2485 382 2522 nec
400 2484 466 2523 sane
485 2468 631 2541 displicet.

228 2569 290 2635 111)
330 2564 377 2617 De
403 2561 534 2617 universa
557 2564 609 2617 hac
628 2561 775 2617 Minervae
793 2560 923 2616 oratione
948 2559 1040 2614 fusius
1058 2559 1198 2642 disputavi
1223 2560 1253 2616 in

326 2630 443 2686 Adnott.
467 2649 491 2701 p.
513 2633 560 2686 131
580 2649 641 2699 sqq.
692 2631 751 2685 Gur
774 2633 844 2685 hacc
864 2641 1013 2700 praecepte
1031 2631 1084 2683 hoc
1104 2646 1168 2711 rpso
1187 2632 1252 2686 loco

332 2700 427 2770 posita
445 2704 530 2754 eunti
576 2699 798 2771 Exspectaverit
817 2697 923 2767 aliquis
940 2702 996 2766 jam
1014 2699 1049 2752 ab
1067 2697 1151 2753 initio
1170 2701 1253 2770 hujus

330 2783 453 2832 scenae,
487 2785 585 2841 nempe
611 2769 702 2824 statim
728 2780 793 2837 post
811 2769 860 2824 Vs.
879 2772 928 2822 stt
948 2785 1027 2836 sqq;‚
1064 2765 1115 2822 ubi
1133 2768 1252 2839 primurn

264 2847 266 2852 ’
328 2833 534 2904 significantur,
556 2839 676 2908 prolata.
711 2835 768 2893 Sed
787 2837 827 2891 ibi
847 2837 975 2892 Minerva
994 2837 1143 2892 subitaneo
1162 2839 1253 2909 Apol·

326 2905 397 2960 liuis
415 2906 574 2963 interventu
592 2919 706 2962 arcetur
724 2908 759 2959 ab
778 2909 830 2960 hac
848 2923 880 2960 re
896 2907 1013 2974 agenda.
1054 2907 1126 2961 Post
1143 2909 1252 2977 paullo,

327 2985 393 3028 ante
404 2975 453 3029 Vs.
464 2978 533 3042 551,
550 2994 606 3044 quo
625 2978 690 3030 loco
708 2991 776 3029 sane
795 2976 874 3030 iilam
893 2992 950 3029 reru
968 2975 1106 3030 reducere
1125 2986 1249 3044 poterat,

327 3042 1252 3182 :tin1⁰52.tit?htithgtdi‘hstrttugrisiis?

471 3149 479 3179 r
837 3154 843 3168 ·
1192 3171 1196 3178 ,
1241 3151 1251 3180 r

327 3182 377 3236 nbi
403 3184 456 3236 dea
482 3182 555 3238 illud
581 3183 722 3251 negotium
742 3197 807 3253 apte
825 3181 944 3250 exsequi
964 3192 1079 3254 posset,
1114 3181 1161 3237 hic
1178 3195 1250 3248 erat,

330 3251 398 3314 ubi,
417 3267 516 3306 caussa
534 3266 685 3323 perorata,
704 3269 787 3319 quum
803 3253 913 3319 judices
932 3251 959 3304 in
977 3247 1115 3319 suffragia
1132 3252 1251 3308 mitten-

328 3321 357 3374 di
382 3333 496 3387 essent,
533 3323 603 3375 ordo
628 3320 743 3375 dicendi
770 3323 856 3388 ipsam
874 3322 966 3375 denuo
985 3319 1141 3388 tetigisset.
1195 3322 1250 3376 Est

326 3389 397 3444 haec
417 3390 491 3444 ratio
510 3391 685 3458 quaestionis
703 3390 855 3444 solvendae
875 3402 932 3450 tota
950 3389 1131 3444 extrinsecus
1150 3391 1250 3462 petita,

328 3459 379 3512 sed
405 3460 450 3514 val
478 3459 520 3514 sic
547 3477 665 3528 prorsus
691 3459 800 3514 idonea.
854 3458 1008 3515 Videamus
1030 3470 1137 3521 tamen,
1174 3460 1251 3514 sitne

328 3527 411 3582 etiam
431 3529 458 3583 in
478 3527 550 3601 ipsis
570 3530 717 3584 Minervae
735 3527 847 3595 verbis,
865 3544 914 3581 cur
932 3544 964 3581 ea
982 3529 1036 3582 hoe
1054 3526 1150 3598 potius
1169 3545 1252 3597 qnam

331 3597 391 3650 aiio
409 3597 475 3652 loco
495 3599 589 3670 posita
616 3599 733 3654 inerint.
787 3599 863 3666 Ergo
889 3613 952 3650 num
978 3595 1141 3650 continetur
1167 3613 1262 3666 prae-.

329 3677 414 3735 cepto
434 3667 521 3732 deae,
540 3669 614 3736 quod
634 3668 667 3722 ad
688 3668 759 3721 hanc
779 3667 927 3721 Furiarum
947 3676 975 3720 et
993 3665 1107 3720 Orestis
1127 3683 1251 3721 caussam

328 3745 409 3788 recte
427 3736 633 3803 dijudicandam
653 3736 755 3791 iecisti
800 3737 862 3790 Hoc
881 3735 955 3790 enim
973 3735 999 3788 si
1017 3734 1074 3800 sit,
1103 3735 1175 3789 illud
1195 3736 1252 3789 ali·

328 3804 482 3872 quisdicat
497 3811 552 3874 jann
571 3823 624 3877 par
641 3821 673 3860 se
689 3816 755 3877 apte
772 3807 827 3860 hoc
846 3805 910 3875 ipso
930 3806 995 3858 loco
1013 3804 1153 3873 prolatum
1174 3821 1249 3868 esse,

328 3872 376 3927 ubi
396 3874 448 3927 dea
466 3874 494 3930 in
514 3893 548 3929 eo
567 3877 626 3939 sit,
653 3885 683 3928 ut
701 3873 855 3930 sententias
875 3882 1017 3944 perrogat.
1065 3873 1103 3927 Et
1122 3876 1253 3944 putabam

327 3943 457 4011 equidem
484 3944 524 3998 ita
549 3960 612 3998 esse
636 3959 718 4011 quurn
743 3961 776 3999 ea
793 3946 957 3999 adnotabsm
983 3943 1017 3996 ad
1037 3943 1089 3998 νε.
1109 3947 1157 3997 set
1177 3959 1250 4010 sqq„

327 4027 399 4080 quae
422 4013 554 4081 leguntur
580 4013 609 4067 in
626 4014 741 4069 Adnott.
767 4031 794 4083 p.
815 4016 865 4069 119
882 4013 953 4079 ini,
987 4012 1099 4084 qnippe
1113 4021 1251 4077 statuens,

327 4082 508 4150 suasionem,
542 4099 616 4151 quae
641 4083 803 4138 continetur
825 4082 878 4139 νε.
894 4083 949 4138 666
968 4096 1049 4150 sqq„
1086 4097 1251 4150 quamquam
