2794 4692
1046 375 1167 450 LXIX

128 551 243 623 lantes
282 546 491 624 insectando
534 575 648 649 aequa
685 551 870 626 celeritate
910 563 1015 646 atque
1049 546 1164 640 naris,

128 647 376 746 significatur,
412 651 579 726 Orestem
604 651 681 747 jam
703 653 742 726 in
766 654 848 726 looo
871 647 1014 741 ricino,
1052 674 1164 744 quem

129 750 243 851 digito
282 765 464 826 monstrat
497 778 541 829 ea
582 779 672 848 quae
714 752 891 849 loquitur,
942 750 1163 841 delitescere,

128 855 232 946 cujus
269 851 324 926 rei
359 849 511 928 subinde
544 852 724 929 indicium
758 879 802 927 err
834 851 944 927 odore
976 849 1162 953 sanguinis

125 951 296 1045 humani,
331 979 440 1051 quem
465 954 537 1030 sibi
562 955 750 1054 percipere
773 954 917 1030 videtur
942 953 1071 1045 Furia,
1106 977 1161 1026 ree

126 1112 434 1125 -----..-···———-—.-<

229 1206 339 1277 dicant,
369 1205 571 1279 explicandum
594 1208 650 1272 sit,
676 1209 752 1277 quod
777 1207 898 1264 inferius
923 1207 1069 1262 trimetros
1089 1198 1158 1258 iam·

227 1275 327 1346 bicos,
360 1278 411 1346 qui
435 1279 578 1347 incipiunt
596 1294 613 1332 a
631 1278 683 1334 va.
700 1281 770 1340 289,
805 1275 934 1333 utribus
957 1274 1158 1347 pronunciatos

229 1346 319 1402 luisse
352 1355 440 1420 putat.
495 1349 640 1416 conjiciet
673 1347 799 1416 aliquis,
833 1348 898 1401 fieri
933 1363 1017 1414 posse
1050 1358 1096 1410 ut,
1131 1343 1158 1397 si

229 1417 364 1486 superius
388 1417 538 1470 duodecim
571 1433 724 1489 personae,
757 1428 856 1484 postea
883 1414 968 1469 etiam
997 1426 1057 1468 tres
1084 1413 1157 1466 reli·

226 1501 299 1553 quae
317 1485 429 1550 aliquid
451 1485 590 1539 dixerint.
632 1485 690 1536 Aut
716 1486 807 1553 igitur
830 1485 874 1538 sic
899 1484 1075 1538 statuendum
1101 1481 1158 1536 erit

225 1564 274 1608 aut
292 1552 516 1620 concedendum,
544 1554 626 1606 etiam
646 1553 728 1620 ideo,
753 1555 827 1621 quod
846 1552 979 1622 superius
997 1553 1095 1623 plures
1114 1562 1157 1604 ta·

227 1632 308 1686 cent,
343 1637 399 1676 non
423 1637 496 1692 opus
521 1638 585 1676 esse
610 1637 737 1688 sumere,
775 1635 831 1676 tum
853 1623 974 1674 nondum
992 1635 1088 1674 omnes
1106 1619 1156 1671 ad·

229 1689 333 1754 luisse,
368 1689 415 1743 rel
437 1705 534 1744 errare
553 1691 787 1746 Hermannnm
813 1691 993 1762 posteriores
1019 1687 1157 1742 iambicos

227 1757 371 1814 trimetros
404 1757 553 1814 continuos
587 1761 662 1813 inter
693 1762 792 1830 plures
822 1773 959 1830 personas
986 1756 1157 1812 dividendos

154 1869 158 1875 .
226 1843 290 1882 esse
315 1830 537 1883 contendentem.
579 1829 642 1898 Ego
667 1829 696 1882 in
722 1830 769 1882 bis
792 1829 865 1882 nibil
889 1830 1046 1882 decernam.
1089 1826 1156 1895 lpse

227 1897 255 1950 Η
263 1911 448 1951 ermannus
466 1899 534 1951 olim
553 1900 666 1966 quidem
685 1900 768 1964 inde,
802 1899 877 1966 quod
894 1905 1003 1968 septem
1021 1906 1155 1950 commata

226 1977 336 2034 essent,
360 1966 520 2021 verisimile
538 1968 674 2032 ducebat,
698 1979 765 2039 post
782 1969 898 2036 primam
918 1979 1065 2036 personam
1085 1981 1154 2032 qua·

225 2037 323 2090 tarde
347 2035 441 2100 binis,
478 2037 521 2089 bis
541 2038 577 2090 de
602 2039 690 2091 ternis
709 2053 789 2091 unam
813 2036 922 2105 aliquid
947 2036 1052 2090 dicere.
1095 2035 1154 2088 Eas

223 2118 314 2160 tamen
332 2108 512 2172 conjecturas
527 2107 640 2160 omnino
659 2108 849 2175 repudiandas
864 2123 929 2160 esse
944 2121 1062 2172 censeo,
1081 2118 1153 2172 quoe

119 2217 124 2224 .
222 2193 258 2228 eo
276 2175 418 2240 nituntur,
439 2188 469 2230 ut
482 2175 585 2228 Furias
605 2186 747 2244 utcunque
766 2187 824 2230 tres
842 2187 947 2230 tantum
964 2175 1077 2228 dixisse
1094 2181 1156 2226 sta-

222 2256 327 2298 tuatur.
362 2245 464 2312 Neque
482 2245 671 2308 enimuideo,
699 2262 753 2313 qua
771 2245 870 2316 specie
888 2245 950 2311 bic,
979 2243 1028 2297 ubi
1048 2242 1152 2296 Furiae

119 2362 122 2368 ·
221 2309 573 2454 ttttltttmlttlltn
592 2310 1151 2454 tristesellsttttldslltntl:

119 2433 125 2440 ·
390 2422 398 2448 r

219 2451 257 2507 di
275 2452 433 2517 sententia,
464 2454 581 2505 chorum
599 2463 704 2506 tantum
723 2470 739 2506 e
758 2453 850 2508 tribus
868 2451 966 2506 Furiis
984 2449 1150 2505 constitisse

218 2521 360 2592 putentis,
395 2537 449 2575 nec
473 2537 586 2586 verum,
623 2523 698 2588 quod
717 2522 771 2576 alii
797 2533 904 2576 temere
927 2519 1053 2590 amplexi
1072 2527 1148 2582 sunt,

217 2591 392 2660 Aeschylum
411 2589 561 2645 discrimen
588 2589 692 2644 iecisse
712 2591 788 2646 inter
813 2602 870 2646 tres
890 2589 991 2643 Furias
1014 2587 1149 2659 proprias

218 2669 249 2714 et
267 2669 378 2713 ceteras
401 2661 498 2713 harum
522 2659 666 2714 ministras
684 2672 769 2727 atque
794 2661 995 2732 pedissequas,
1026 2675 1079 2712 nec
1097 2658 1148 2709 de·

217 2728 307 2796 nique
326 2746 342 2782 e
359 2728 438 2783 duali
460 2725 596 2782 isdoosrov
619 2730 769 2797 quidquam
796 2747 848 2800 pro
875 2732 929 2784 bac
947 2745 979 2783 re
997 2726 1077 2782 effici
1096 2727 1148 2778 de-

217 2797 292 2877 bet..
319 2798 398 2852 Quae
415 2785 442 2852 sl
459 2798 527 2866 quid
547 2799 764 2869 probabilitatis
784 2801 918 2866 haberet,
949 2815 1002 2852 nec
1020 2795 1169 2852 difficile.

218 2869 322 2932 tuerit,
348 2866 477 2922 iambicis
496 2868 650 2936 trimetris,
669 2867 717 2936 qui
735 2870 836 2923 melico
856 2869 1043 2940 praecedunt,
1061 2865 1146 2919 simul

218 2937 405 3006 computatis,
433 2937 463 2991 id
483 2939 557 3004 quod
577 2939 661 2992 etiam
679 2955 695 2990 a
713 2938 886 3002 scholiasta,
912 2938 962 3004 qui
982 2951 1082 2991 uersus
1101 2933 1145 2986 di-

218 3021 331 3059 mensus
349 3016 409 3072 est,
441 3007 543 3061 tactum
562 3018 616 3069 est,
651 3009 707 3060 boc
725 3009 876 3061 secundum
895 3006 1031 3062 canticum
1051 3003 1146 3074 potius

218 3091 299 3142 quam
318 3075 394 3130 iuter
417 3085 524 3144 septem
543 3089 571 3130 et
589 3077 751 3143 duodecim,
788 3078 862 3132 inter
888 3093 986 3130 nouem
1009 3087 1145 3145 personas

216 3143 354 3197 diuidere
389 3144 451 3198 Nec
467 3162 535 3198 uero
554 3145 601 3198 illi
621 3157 718 3200 nostro
735 3141 847 3214 judicio
864 3147 966 3213 obstat,
987 3145 1062 3212 quod
1079 3157 1145 3194 ana-

216 3228 346 3285 paestos,
373 3212 421 3280 qui
439 3215 513 3266 intra
531 3225 596 3268 sunt
615 3216 682 3268 iude
699 3231 715 3268 a
734 3216 785 3271 vs.
803 3219 869 3280 39⁷,
888 3229 1035 3270 censemus
1055 3212 1145 3266 tribus

199 3283 351 3352 personis
371 3282 499 3337 tribuere
517 3283 621 3349 licere3
659 3301 721 3339 nam
739 3285 796 3352 ibi,
827 3287 876 3338 ubi
898 3285 926 3338 id
946 3283 1004 3352 agit
1022 3283 1144 3343 Chorus,

214 3362 246 3407 ut
272 3353 365 3405 locum
392 3360 479 3406 mutet
497 3365 526 3405 et
551 3353 667 3408 ordines
690 3355 822 3424 explicet
839 3371 951 3408 carmen
977 3349 1143 3420 ligatorium

216 3432 396 3486 cantaturus,
423 3420 448 3476 si
467 3437 534 3476 vera
552 3433 594 3476 est
611 3423 799 3478 Hermanni
818 3424 963 3494 suspicio,
994 3432 1143 3489 sequentes

213 3493 345 3572 strophas
368 3501 453 3571 atque
476 3491 670 3572 antistropham
687 3493 723 3545 ab
746 3493 918 3546 bemiclroris
937 3501 1060 3546 cantatas
1079 3506 1144 3544 esse

211 3560 940 3698 stltlnttlssrtttltlttttttlttstls,
956 3562 1143 3699 lttltltr

212 3714 267 3752 non
295 3699 448 3769 probabile
473 3698 613 3764 dixerim,
649 3701 686 3754 de
712 3701 806 3754 tribus
830 3705 940 3768 orotxor
965 3699 1142 3771 protostatis.

212 3767 251 3822 Et
274 3767 345 3822 boec
362 3766 474 3836 quidem
500 3769 660 3837 significata
683 3771 780 3841 potius
802 3787 884 3838 quam
905 3769 1050 3840 disputata
1072 3765 1143 3822 satis

213 3837 304 3890 babeo
322 3839 358 3892 de
375 3838 422 3891 his
445 3839 532 3892 rebus
558 3840 612 3893 boc
638 3841 703 3894 loco
726 3839 755 3894 in
779 3842 899 3894 medium
924 3840 1089 3910 protulisse.
1109 3865 1141 3876 -

210 3905 320 3974 Porro,
343 3917 375 3961 ut
392 3909 429 3962 ad
446 3909 597 3961 stationem
615 3909 705 3963 Cbori
724 3911 898 3964 orchestram
918 3909 1045 3978 ingressi
1065 3919 1141 3961 tran·

210 3989 300 4042 seam,
318 3986 413 4046 patet,
431 3975 516 4032 etiam
533 3976 563 4030 in
582 3980 635 4031 bac
648 3980 819 4046 quaestione
836 3980 972 4034 solvenda
988 3975 1140 4032 cavendum

213 4057 294 4111 esse,
328 4061 364 4100 ne
387 4051 494 4102 temere
518 4046 637 4102 ternarii
656 4049 766 4103 numeri
784 4060 927 4117 utcunque
944 4049 1019 4102 ratio
1036 4045 1141 4097 babea-

211 4123 267 4168 tur.
302 4113 391 4184 niqui
413 4115 494 4174 illam
519 4117 733 4186 haudquaquam
757 4129 863 4176 certam
888 4118 979 4173 tunso
1000 4122 1047 4170 aut
1064 4113 1140 4182 legi-
