2728 4690
1026 381 1101 459 211

68 618 77 628 .
161 563 254 628 Haec
275 559 443 622 haetenus.
486 553 665 620 Videamus
683 553 764 637 iana,
785 577 864 620 num
887 551 950 619 hoc
972 549 1103 620 cantico

65 651 307 720 contineatur,
342 641 430 725 quod
456 638 554 704 fidem
583 643 702 722 faciat,
731 644 859 725 plures,
892 661 989 724 quam
1020 660 1104 724 quae

65 737 114 798 ub
148 734 247 794 initio
277 730 371 808 hujus
400 736 490 788 actus
512 723 706 803 adfuerunt,
736 743 891 808 personas
917 733 1105 807 praesentes

66 839 114 888 ‚eo
143 813 272 878 itandas
304 831 382 874 esse.
432 807 552 871 Statim
580 811 616 869 in
647 811 760 871 oculos
789 811 975 871 incurrunt·
992 828 1107 871 versus

16 947 41 963 ι.
67 839 161 978 ωθξ,
190 901 269 975 991,
297 898 375 970 995,
408 897 487 966 9995
515 891 573 954 ubi
594 912 695 975 quum
724 895 749 953 ii
771 895 829 974 qui
850 901 972 954 canunt
997 901 1108 955 terrae

81 985 208 1048 incolas
230 981 404 1062 appellent,
429 985 549 1057 certant
568 996 648 1039 vero
666 979 895 1062 Areopagitae,
919 974 1020 1038 iidem
1043 977 1110 1059 ipsi

77 1087 169 1132 nunc
197 1067 234 1126 in
266 1081 437 1124 numerum
467 1058 650 1136 referendi,
688 1059 777 1122 dicat
805 1062 942 1144 aliquis,
978 1079 1109 1122 necesse

16 1173 169 1231 nesse,
206 1158 245 1210 ut
273 1147 358 1208 aliae
386 1152 555 1228 praeterea
584 1157 743 1226 personae
765 1143 806 1206 ad
827 1161 980 1227 pompam
1007 1146 1111 1228 perti-

48 1245 198 1324 ,suentes
237 1230 413 1294 adfuerint.
484 1228 713 1290 Auscultemus
752 1230 991 1311 aliquantisper
1025 1226 1111 1288 Her-

35 1312 206 1384 ''manno
235 1314 275 1376 de
306 1314 462 1374 carminis
488 1311 583 1388 hujus
613 1314 743 1382 ratione
771 1313 851 1374 haec
873 1308 1046 1374 disserenti
1075 1311 1111 1370 in

59 1401 225 1477 ,sensura
245 1420 278 1481 p.
302 1399 362 1461 124
383 1418 448 1478 eq.:
480 1395 560 1456 »Eia
581 1394 1001 1481 wenigAufmerlrsamlreit
1022 1395 1113 1456 hatte

35 1480 78 1573 ,⁶⁶
96 1491 204 1572 ,sigen
233 1482 384 1555 kiinnen,
423 1479 496 1542 dass
527 1478 611 1540 auch
638 1481 673 1539 in
703 1479 822 1542 diesem
853 1479 1000 1565 Gesange
1028 1479 1114 1542 awei

44 1564 268 1643 ‘'⁴'113nmmem
291 1585 347 1626 um
368 1564 575 1628 einstweilen
596 1561 707 1626 diesen
721 1562 894 1626 Ausdruck
915 1563 957 1623 'au
977 1563 1115 1648 gebrau-

22 1643 57 1672 ’“
72 1652 195 1752 s,·l1en,¹
219 1647 471 1712 untersclrieden
492 1644 625 1710 werden
653 1651 800 1722 miissen,
836 1646 943 1708 davou
966 1644 1020 1709 die
1042 1650 1124 1709 eine

16 1729 131 1821 'uffan
162 1735 218 1798 die
237 1730 455 1807 Alemoniden,
485 1729 539 1792 die
566 1728 705 1809 andere,
733 1731 859 1794 welche
886 1728 947 1792 den
970 1729 1116 1793 Endvers

28 1808 156 1897 ''³'2ou
185 1817 276 1899 jeder
296 1814 439 1896 Strophe
465 1816 570 1900 singt,
598 1833 641 1875 an
663 1813 719 1875 das
741 1814 831 1876 Vollr
853 1815 1016 1900 gerichtet
1041 1817 1115 1876 ist«

31 1905 182 1966 *Qum
219 1902 325 1988 igitur
364 1907 521 1981 quattuor
556 1898 610 1959 illi
642 1917 755 1960 versus
788 1898 1005 1961 Eumenidum
1039 1892 1119 1960 'sunt

17 2013 18 2022 ¹
71 1987 312 2071 'treopagins
342 1983 605 2064 alloquentium?
646 1981 751 2044 Nolui
780 1984 867 2046 enim
897 1982 982 2044 hanc
1013 1985 1120 2064 suspi-

91 2076 224 2134 ··ionern
253 2077 379 2144 tacere,
418 2067 566 2149 quamvis
593 2067 663 2148 ipse
690 2087 806 2148 parum
833 2066 1038 2150 probabilem
1060 2066 1121 2127 dn-

104 2177 178 2221 ·am.
221 2152 291 2214 Nec
313 2161 421 2213 tamen
441 2150 494 2212 vel
515 2151 564 2210 sic
592 2149 686 2228 ideo,
715 2149 803 2233 quod
824 2151 1042 2237 Areopagitae
1062 2170 1122 2232 po-

94 2241 227 2304 inlares
248 2255 324 2298 suos
345 2235 575 2316 alloquuntur,
615 2253 696 2316 opus
717 2244 783 2311 est,
815 2243 854 2296 ut
880 2235 940 2298 hos
968 2238 1004 2294 in
1025 2255 1123 2296 scena

45 2309 359 2406 ·²⁵“··epraesentatos
385 2320 486 2380 fuisse
516 2317 713 2394 statuamus,
744 2315 870 2400 quade
898 2320 1034 2380 renatis
1066 2319 1125 2380 ha-

82 2405 159 2472 ''Jeo
183 2403 225 2466 ad
245 2423 284 2466 ea
305 2403 589 2486 salagassaenae
609 2401 650 2462 ab
673 2399 787 2462 eodem
808 2399 999 2462 Hermanno
1021 2403 1125 2464 simili

46 2491 138 2554 fide
162 2505 275 2550 caussa
301 2487 426 2544 monita
453 2492 530 2544 sunt
549 2485 720 2544 verissime
742 2484 763 2544 l.
786 2485 809 2548 l.
832 2503 863 2566 p.
890 2485 947 2547 168
969 2504 1035 2566 sq„
1067 2484 1126 2546 ubi
1150 2495 1152 2504 ’

43 2574 211 2636 ·-'·²·;amen
237 2587 351 2632 uersus
380 2575 511 2630 nostrae
539 2566 669 2629 fabulae
691 2569 751 2633 651
782 2569 818 2628 in
848 2587 980 2629 censum
1011 2569 1145 2630 vocari·

95 2675 171 2722 non
211 2649 366 2728 debebat,
413 2652 534 2732 quippe
568 2651 604 2710 in
640 2669 705 2732 quo
737 2651 845 2714 verbis
876 2647 1022 2724 ’Astraia
1053 2647 1132 2723 troie

22 2773 23 2778 ¹
96 2746 217 2827 aperte
245 2755 313 2798 non
337 2735 510 2796 universus
539 2735 679 2816 populus
698 2734 908 2797 Atheniensis
929 2735 1129 2840 designetur,

59 2865 63 2874 -
99 2822 161 2890 sed
192 2821 261 2884 sola
288 2821 381 2880 curia
407 2817 658 2904 Areopagitica,
697 2823 756 2881 cir.
786 2818 826 2881 de
852 2838 934 2882 voce
961 2825 1036 2895 lenc
1070 2818 1129 2881 Vs.

63 2927 68 2933 ·
97 2907 178 2978 608.
244 2902 387 2964 Omnino
417 2899 458 2964 de
486 2904 546 2962 illa
571 2902 755 2964 Hermanni
780 2905 986 2984 conjectura,
1019 2923 1132 2988 quam-

53 3003 83 3045 <a
99 3008 205 3080 quarn
224 3007 286 3070 per
306 3007 341 3050 se
361 2987 440 3048 satie
460 2988 622 3068 speciosa,
650 2995 700 3048 eet
720 2985 808 3070 quod
830 2985 976 3062 dubites3
1009 2998 1043 3052 et
1062 3007 1133 3050 mo-

68 3089 86 3104 ”·
97 3083 165 3141 net
185 3075 256 3155 ipse
276 3072 300 3134 1.
322 3071 362 3132 l.=
398 3069 457 3130 »Es
478 3071 574 3132 liesee
595 3069 667 3131 sich
688 3089 756 3131 nun
777 3089 869 3136 awar
887 3071 1033 3152 denken,
1060 3069 1134 3134 dass

26 3227 28 3230 .
51 3204 74 3220 .·
99 3163 168 3225 der
190 3163 365 3242 gesammte
386 3152 477 3216 Ghor
496 3151 556 3215 der
577 3153 742 3238 Begleiter
762 3155 862 3216 selbot
882 3158 994 3218 eeineu
1016 3177 1058 3217 en
1080 3154 1136 3218 die

28 3311 29 3318 χ
68 3237 312 3311 Ἐπιηοιιίάοιι
353 3237 535 3298 erichteten
556 3236 686 3324 Gesang
706 3236 810 3299 durch
833 3237 887 3301 die
908 3243 943 3301 in
965 3239 1028 3303 den
1049 3236 1136 3301 End-

28 3394 33 3406 ,
71 3344 227 3398 -verseu
254 3343 297 3385 zu
323 3259 398 3384 dem
427 3319 536 3382 Volke
565 3322 811 3407 gesprochenen
832 3322 936 3386 Vorse
963 3316 1137 3386 un'terbrii·

29 3456 43 3486 ,.,
97 3415 202 3482 cheu
256 3407 298 3468 Et
317 3409 467 3490 proiecto
488 3404 570 3466 haec
590 3405 752 3466 sententia
780 3407 844 3486 jam
865 3407 939 3470 ueri
961 3428 999 3470 eo
1024 3405 1137 3470 videa-

30 3538 73 3574 t·
98 3512 167 3564 tur
188 3491 334 3555 similior
355 3509 441 3565 esse,
463 3486 570 3571 quod,
598 3487 747 3550 simodo
768 3509 846 3552 vera
866 3493 910 3554 eit
931 3501 1043 3556 nostra
1063 3511 1139 3554 ver-

45 3615 56 3653 ;
99 3599 165 3648 eus
192 3579 255 3641 990
286 3571 490 3651 emendatio,
524 3590 592 3633 non
631 3572 771 3655 aurplius
800 3577 983 3638 orationem
1013 3595 1139 3652 eorum,

32 3739 33 3744 γ
101 3661 233 3751 quibus
273 3656 339 3720 duo
373 3657 476 3740 primi
511 3657 633 3718 cantici
666 3675 779 3720 versus
811 3657 1019 3720 adscribendi
1053 3668 1140 3736 sunt,

101 3763 184 3814 tam
204 3743 367 3805 violenter
387 3745 606 3821 interruptam
626 3737 775 3802 ridemus
796 3761 856 3824 per
877 3746 1023 3820 tertium,
1044 3761 1142 3824 quam

33 3823 43 3918 ΑΕ
101 3837 151 3900 fit
183 3824 362 3886 secundum
392 3845 466 3886 eum
493 3820 645 3897 modum,
683 3844 747 3905 quo
776 3827 869 3887 locus
899 3828 957 3890 ille
984 3827 1024 3888 ab
1056 3827 1143 3887 Her-

103 3928 239 3982 manno
268 3910 463 3970 constitutus
492 3914 550 3968 est.
612 3905 766 3968 Attamen
801 3907 878 3973 huic
913 3911 977 3992 ipsi
1007 3911 1144 3970 minime

36 4036 63 4074 ,ι
104 4001 210 4066 certa
237 3990 429 4068 ridebatur,
454 3991 566 4076 pergit
593 3991 700 4052 enim:
753 3991 865 4055 »Doch
891 3995 935 4055 ist
963 3991 1020 4054 das
1052 3992 1145 4054 nicht

36 4125 56 4172 μ
103 4081 199 4156 ,θὴν
224 4073 520 4151 wahrecheinlich,
550 4071 693 4137 sondern
720 4092 754 4138 ee
778 4077 857 4140 lieet
885 4077 957 4138 sich
983 4077 1146 4142 vielmehr

873 4209 941 4287 ll*
