2728 4690
1038 385 1117 472 1011

14 559 16 598 ²
93 560 178 625 baud
208 561 475 645 improbabiliter
495 561 701 630 emendatum
732 571 798 626 est:
826 558 946 645 Λύμοη
974 581 1003 646 γ.
1028 562 1057 629 ὅ.
1081 561 1113 628 ολ.
1164 603 1166 612 ,

14 647 15 680 ³
92 649 164 709 Alia
195 649 288 709 verbi
316 649 422 710 forma
452 659 501 712 est
529 645 668 729 λαμπρὸς
695 645 781 730 apud
808 649 963 712 Photium
997 664 1029 732 p.
1054 651 1113 714 1⁵1

92 731 202 793 Herm.
246 731 295 792 De
315 735 452 814 propria
473 735 564 797 vocis
585 731 687 811 λάμπη
707 739 865 814 potestate
878 732 955 796 vide
970 729 1124 814 Hesych.

91 835 114 876 s.
135 837 165 878 v.
195 833 279 878 cum.
297 824 375 876 nota
403 815 548 897 Alberti,
579 817 734 880 Photium
756 837 788 880 s.
810 837 859 892 σε,
887 817 1038 878 Erotiani
1060 833 1115 880 ex-

90 900 184 982 posit.
220 919 310 964 vocc.
347 899 394 960 Hi
418 911 543 984 poerat.
584 921 609 963 s.
635 921 667 964 v.
697 899 869 974 Λαπολλες,
909 919 941 981 p.
970 903 1034 968 238
1062 900 1112 965 ed.

91 984 221 1061 Franz„
249 984 356 1044 Fossii
416 1005 561 1047 econom.
595 985 791 1067 Hippocrat.
824 1005 849 1044 s.
880 1003 910 1045 v.
936 983 1111 1068 Λαμπημύ.

90 1064 240 1128 Ceterum
269 1067 355 1149 apud
381 1067 536 1130 Photium
563 1077 596 1131 et
626 1069 819 1130 Erotianum
849 1065 871 1129 l.
895 1083 922 1128 o.
953 1072 1114 1150 oxytonds

89 1151 247 1212 scribitur
267 1149 398 1230 ,λαμπή,·
430 1154 654 1236 paroxytonds
683 1161 792 1214 tamen
813 1146 1008 1214 vocabulum
1038 1155 1115 1216 elle*

88 1233 224 1296 rendum
247 1256 316 1297 esse
337 1246 431 1298 notat
452 1239 551 1299 etiam
573 1235 734 1299 Arcadius
756 1257 788 1318 p.
814 1238 884 1312 113,
906 1235 936 1300 8.
981 1235 1019 1296 ln
1040 1255 1115 1299 ver·

87 1317 137 1379 bis
160 1315 269 1398 οἷνηλῖῳ
290 1316 393 1400 λάμπᾳ
412 1321 482 1400 (Vs.
502 1321 596 1398 365),
617 1329 655 1381 ut
676 1321 739 1381 hoc
760 1317 894 1394 addam,
918 1321 1115 1404 cogitaverit

88 1403 207 1484 aliquis
240 1403 281 1467 de
310 1405 550 1490 Aristophaneo
581 1407 657 1466 illo:
703 1403 812 1476 σκότος
851 1403 905 1464 καλ
941 1400 1113 1484 βόρβορος,

48 1489 53 1496 ’
88 1485 165 1547 lien.
195 1484 251 1549 Vs.
274 1491 345 1554 273.
398 1489 523 1552 Nostro
546 1485 580 1549 ln
601 1491 675 1551 loco
696 1491 814 1553 vitium
859 1487 949 1547 otius
969 1487 1116 1558 inanti-

88 1570 225 1652 stropba'
257 1571 477 1654 quaerendum
510 1572 652 1636 videtur.
718 1568 867 1651 Conjicro
902 1571 1028 1648 mlum,
1065 1571 1115 1634 lbi

86 1655 253 1737 principio
276 1659 435 1739 scriptum
462 1657 579 1718 luisse:
609 1657 649 1730 ἐς.
667 1651 776 1732 τάδε,
809 1655 863 1718 vel
892 1653 1003 1714 simile
1023 1654 1114 1736 quid,

88 1739 177 1817 eujus
220 1741 390 1827 vulgarem
437 1740 613 1802 lectionem
657 1739 737 1804 οὕτω
785 1740 1115 1820 interpretamentum

85 1832 166 1902 puto
188 1843 266 1886 esse.
311 1823 408 1886 Trita
430 1843 492 1886 usu
513 1834 562 1886 est
583 1819 705 1886 dictio:
738 1821 987 1904 συγκαταβαίνειν
1009 1822 1052 1894 εἷς
1071 1845 1112 1884 τι.

87 1905 151 1968 Pro
180 1909 296 1992 μοῖρα,
338 1906 425 1992 quod
462 1918 596 1993 praeter
623 1907 802 1970 editionem
831 1903 910 1968 Rob.
947 1908 1116 1988 reperitur

86 1991 185 2052 etiam
213 1994 247 2052 in
279 1989 349 2053 cod.
373 1991 625 2080 Medweig„
657 1995 723 2074 jam
752 1991 961 2054 aMuellero
989 1991 1114 2052 rectius

84 2077 263 2160 repositum
285 2083 334 2137 est
353 2076 475 2160 Μοῖρα.
871 2103 873 2111 ⁴

168 2158 321 2222 Ceterum
356 2160 398 2224 de
429 2179 526 2224 sensu
560 2157 767 2247 singulorum
792 2157 972 2222 verborum
1007 2179 1114 2242 pauca

81 2252 211 2305 tantum
234 2241 371 2307 dicenda
393 2253 527 2308 restant.
581 2245 631 2306 De
648 2264 729 2310 voce
751 2241 911 2326 φιλότιμος
933 2242 1021 2306 idem
1042 2247 1113 2306 fere

81 2328 213 2391 valente
241 2328 328 2412 quod
356 2326 520 2409 πολύοσμος
547 2331 738 2411 nuperrime
766 2329 898 2388 monuit
924 2321 1112 2389 Lobeclsius

81 2412 351 2576 lttttbtt
375 2411 434 2576 lpl
456 2415 611 2556 lisinis
631 2409 690 2556 ifi‘
718 2409 1027 2554 ⁰²³⁸iolll⁸gle⁸ll
1046 2409 1112 2554 iffi

81 2579 228 2638 carmine
250 2574 407 2658 εὐφαμεῖτε
429 2588 462 2640 et
483 2577 620 2640 subinde
643 2574 821 2651 ὀλολύξατε,
844 2578 892 2636 εἰσ
914 2574 1027 2639 eoam.
1050 2573 1108 2638 Vs.

77 2661 124 2725 28
145 2659 283 2748 legitur:
310 2659 529 2744 ὀλολυγμὸν
550 2659 814 2742 εὐφημοῦντα,
843 2657 924 2723 ibid.
942 2623 1004 2720 2tls.
1027 2657 1108 2724 582:
1172 2729 1175 2736 ,

82 2741 302 2826 ὀλολυγμὸν
323 2743 454 2808 ἔλασκον
475 2741 764 2827 εὐφημοῦντεςε
793 2739 945 2828 proxime
965 2755 1046 2806 veto
1068 2741 1110 2804 etl

79 2831 150 2892 loci
177 2833 283 2892 nostri
310 2830 563 2892 similitudinem
592 2828 720 2892 accedit
746 2827 915 2910 Aristopb.
945 2825 1019 2888 Pae.
1049 2825 1108 2892 Vs.

79 2915 124 2978 116
145 2931 214 2998 etp:
244 2911 435 2994 εὐφημεῖν
454 2911 516 2998 χρὴ
539 2915 593 2976 καὶ
612 2912 653 2995 μή
678 2916 816 3000 φλαῦρον
827 2915 841 2990 ΙΙ
857 2907 952 2992 μηδὲν
972 2907 1109 2998 γρύζειν,

81 2993 146 3059 ἀλλ’
178 2994 391 3072 ὀλολύζειν.
444 3001 494 3064 De
525 2999 621 3062 varia
650 3000 744 3061 verbi
775 2995 920 3078 εὐφημεῖν
947 2999 982 3058 vi
1011 3006 1110 3078 atque

76 3097 142 3141 usu
169 3080 245 3144 vide
267 3079 442 3168 Spanhem.
470 3082 581 3144 adnot.
611 3081 653 3143 ad
675 3079 868 3144 Callimaeh.
927 3075 1050 3158 Hymn,
1073 3081 1110 3140 in

76 3163 191 3248 Apoll.
220 3165 277 3231 Vs.
305 3171 342 3232 17
363 3178 397 3231 et
418 3169 474 3245 18,
507 3165 549 3228 ed
569 3163 738 3249 Aristopb.
767 3161 854 3228 Nub.
878 3159 935 3226 Vs.
959 3161 1038 3238 262,
1067 3161 1110 3224 ad

78 3249 211 3312 Gallim.
235 3250 358 3332 Hymn.
389 3253 424 3313 in
447 3249 519 3314 Cer.
549 3243 607 3313 Vs.
633 3252 682 3316 18.
734 3247 886 3312 Ceterum
907 3247 1109 3310 vocabulum

77 3329 252 3411 ὀλολύζειν,
288 3335 329 3398 de
351 3356 415 3419 quo
438 3338 739 3419 quiexposuerunt
759 3335 826 3398 viri
848 3331 939 3393 docti
960 3329 1109 3394 laudavit

74 3417 245 3501 Hauptius
273 3418 315 3482 ad
338 3422 449 3506 Agam.
473 3419 530 3482 Vs.
554 3421 632 3498 479,
662 3437 767 3502 neque
789 3417 853 3478 hoe
875 3417 949 3477 loeo
979 3415 1046 3502 nisi
1067 3412 1108 3476 de

75 3502 225 3564 solarum
257 3506 433 3567 mulierum
465 3505 552 3566 laeto
584 3512 619 3566 et
655 3506 775 3566 festivo
809 3499 954 3564 elamore
982 3495 1108 3558 dictum

75 3593 138 3662 est,
161 3601 265 3669 neque
287 3589 362 3650 aliis
384 3597 435 3651 sat
454 3589 577 3653 multis.
626 3583 754 3650 Verba:
780 3581 808 3650 ὀ.
832 3580 888 3645 νύν
908 3579 957 3645 ἔπε’
973 3575 1109 3670 μολπαῖς
1216 3602 1219 3620 ¹

72 3663 262 3734 Muellerus
290 3675 340 3734 sie
362 3672 558 3736 Germanica
579 3673 674 3735 iecit:
715 3669 774 3732 Zu
796 3667 882 3730 dem
904 3663 1108 3730 Schlusse

75 3747 150 3814 des
170 3754 298 3817 Lieds
321 3777 398 3818 nun
421 3760 488 3819 ein
509 3751 731 3819 Jancbaen.
774 3749 908 3834 Deque
930 3770 991 3812 usu
1012 3763 1108 3830 prae·

71 3837 255 3980 positionis
275 3840 323 3901 iul
344 3851 496 3902 accurate
517 3841 586 3904 erit
602 3839 788 3902 Nitusohlus
812 3834 854 3899 ad
870 3836 971 3897 Hom.
989 3831 1106 3913 Odys'e.

91 3919 127 3994 Ι,
151 3922 222 3985 284.
266 3919 331 3985 Sed
354 3926 515 4008 obstrepit
535 3889 735 3986 lritzschius
755 3926 790 3984 in
813 3937 950 3983 censura
969 3934 1002 3999 p.
1027 3915 1105 3980 133:
1228 3953 1230 3958 -

73 4001 276 4067 »Wiihrend
298 4005 353 4070 des
376 4009 557 4095 Gesanges,
586 4007 680 4070 nieht
700 4007 785 4072 nach
807 3997 1012 4078 demselben,
1040 3997 1106 4090 sol-

70 4088 132 4152 len
160 4087 215 4153 die
236 4087 377 4155 Semuen
404 4091 600 4156 trobloc'lten
620 4087 691 4155 und
717 4090 886 4174 jauchzen.
929 4085 1011 4148 Eine
1032 4078 1108 4164 ἔῦμ·

851 4219 901 4298 lt
