2794 4692
1090 365 1172 455 XCI

246 541 453 620 Secundum
485 539 662 616 stasimon
694 505 818 637 sponte
839 539 885 614 ⁴in
912 539 998 616 duas
1023 541 1174 620 discedit

145 657 281 746 partes,
309 668 466 740 quarum
487 641 526 715 in
547 641 671 739 priore
686 643 818 716 Furiae
837 645 933 718 mala
951 643 1172 738 describunt,

145 771 235 845 quae
247 745 389 820 oritura
402 745 494 836 sint,
520 745 552 818 si
568 743 666 840 ipsae
682 767 848 818 caussam
862 744 934 818 sint
946 745 1172 842 perdituram

144 851 183 922 in
200 851 315 924 altera
334 860 524 942 praecepta
565 844 724 920 eneralia
740 858 821 918 ium
838 849 994 921 moralia
1014 862 1094 920 tum
1114 873 1175 946 po·

142 951 243 1024 litica
266 947 463 1044 subjiciunt
483 961 518 1020 et
540 869 585 1019 de
608 971 720 1042 poena
740 947 994 1021 maleficorum
1014 965 1173 1024 monent.

243 1053 347 1123 Nunc
380 1047 631 1124 subversiones
667 1045 839 1122 effectum
872 1047 923 1120 iri
952 1049 1057 1123 novis
1087 1051 1175 1152 legi-

144 1152 233 1242 bus,
273 1150 304 1224 si
329 1176 424 1224 noxa
449 1146 652 1246 parricidae
676 1149 811 1244 judicio
836 1148 982 1224 victura
1008 1149 1077 1244 sit,
1122 1153 1175 1226 fa·

146 1254 249 1327 cinus
283 1251 389 1348 hujus
423 1251 634 1342 facturum,
676 1265 717 1322 ut
743 1275 868 1324 omnes
899 1249 1064 1325 homines
1098 1253 1177 1348 jann

147 1355 299 1430 audaces
337 1367 372 1426 et
404 1351 594 1425 temerarii
629 1351 740 1442 fiant,
790 1353 904 1425 multe
927 1377 1016 1426 vero
1046 1355 1177 1454 gravia

146 1453 347 1552 parricidia
371 1479 392 1528 a
417 1451 544 1524 liberis
566 1465 770 1547 perpetrata
795 1449 1003 1547 parentibus
1029 1453 1177 1549 posthac

145 1554 349 1629 tolerandas
385 1555 466 1626 fore
491 1549 553 1640 88).
597 1551 688 1641 (Str.
714 1551 764 1639 l).
838 1555 957 1647 Neque
993 1553 1094 1627 enim
1126 1581 1176 1652 se,

145 1679 352 1752 quamquam
379 1653 544 1728 animum
570 1651 614 1724 ad
637 1651 802 1725 homines
825 1651 1071 1746 advertentes,
1098 1681 1178 1731 snc-

146 1780 319 1830 censuras
342 1779 418 1829 esse
444 1768 590 1850 propter
614 1752 772 1849 flagitia,
799 1794 849 1806 -
874 1778 912 1828 se
935 1778 1042 1828 omne
1065 1780 1178 1858 genus

145 1856 247 1930 necis
273 1855 506 1930 immissuras
533 1866 610 1927 esse
632 1882 703 1946 ——3
740 1849 821 1928 fore
848 1870 990 1948 autem,
1017 1872 1058 1931 ut
1084 1858 1178 1934 alius

146 1956 314 2049 aliunde,
357 1957 444 2030 dum
478 1956 541 2048 (ad
565 1951 736 2029 solatium
767 1969 872 2052 atque
897 1957 1075 2032 auxilium
1107 1960 1178 2033 im-

147 2059 378 2156 petrandum)
416 2059 515 2130 mala
544 2070 694 2147 narret,
736 2083 825 2153 quae
850 2083 871 2132 a
892 2059 1025 2134 ricinis
1052 2087 1177 2157 passus

147 2160 215 2255 sit,
253 2160 454 2253 (vicissim)
479 2157 627 2231 initium
653 2172 688 2230 ct
713 2157 983 2234 incrementum
1008 2161 1179 2237 laborum

150 2263 352 2358 comperiat
384 2283 451 2334 nec
481 2273 583 2333 certa
616 2259 799 2353 remedia,
849 2285 935 2334 eum
964 2286 1074 2354 vero,
1117 2263 1180 2359 qui

148 2362 224 2459 ipse
255 2363 370 2436 miser
404 2360 473 2453 sit,
519 2359 658 2435 frustra
683 2361 881 2435 consolari.
929 2364 1098 2454 (Antisti.
1125 2368 1199 2460 2).·

148 2468 200 2538 Ne
240 2489 329 2539 vero
370 2462 449 2558 quis
486 2461 693 2535 calamitate
715 2461 886 2552 ,afflictus
927 2464 1106 2559 justitiam
1144 2480 1182 2567 ci

80 2597 84 2602 ·
147 2565 313 2662 ipsarum
348 2563 547 2659 imperium
580 2562 780 2657 imploret,
823 2561 920 2653 (hoc
955 2565 1053 2637 enim
1088 2564 1188 2652 nihil¹

147 2668 383 2764 profuturum
420 2669 523 2756 esse).
601 2665 701 2762 Ergo
740 2677 957 2740 eventurum
993 2691 1091 2760 esse,
1139 2681 1181 2742 ut

149 2783 314 2866 parentes
355 2757 559 2841 clamorem
596 2762 791 2864 lugubrem
832 2765 957 2858 edant,
1007 2767 1180 2864 quoniam

150 2869 254 2946 cadat
290 2869 419 2943 domus
461 2864 641 2962 justitiae,
704 2863 765 2957 (si
811 2865 1010 2964 impunitus
1053 2868 1181 2945 evadat

150 3025 453 3038 *ιν-’.ωψ-

253 3117 342 3172 verbo
361 3117 474 3186 quidem
500 3117 693 3188 significatum
716 3129 779 3191 esi,
815 3122 926 3180 eliensi
955 3128 1104 3180 concedam
1124 3143 1181 3182 non

254 3201 326 3258 opus
344 3203 408 3240 esse
426 3197 546 3258 propter
564 3191 730 3246 vocabulum
745 3187 846 3260 redde,
874 3195 924 3252 Vs.
943 3199 1013 3264 470,
1050 3198 1182 3252 Orestem

252 3255 329 3312 inler
346 3259 511 3311 cantandum
530 3274 707 3330 praesentem
726 3264 864 3332 cogitare.

170 3354 217 3420 08)
253 3348 313 3404 Cir.
338 3348 390 3404 Vs·
414 3353 466 3405 1173
493 3366 556 3419 sqq·
592 3349 686 3408 Πολλοὶ
712 3350 742 3408 d’
769 3354 855 3423 ἴτνμιι
878 3350 1056 3426 παιδότρωτα
1085 3354 1182 3414 πάθεα

90 3463 92 3467 ,
252 3423 396 3487 προσμένει
412 3418 552 3483 τοκεῦσιν,
587 3419 657 3490 μετά
674 3417 707 3476 τ’
724 3414 809 3477 αὖθις
826 3421 856 3478 ἒν
873 3423 968 3495 χρόνῳ.
1021 3428 1100 3483 (duae
1127 3444 1181 3500 po·

254 3501 360 3544 strema
377 3490 464 3543 verbu
482 3505 565 3558 quum
589 3493 645 3558 jam
668 3493 698 3547 io
723 3494 838 3548 Adnott.
863 3512 890 3562 p.
911 3498 959 3550 109
985 3498 1182 3566 potiusquam

253 3574 364 3613 versum
379 3559 587 3614 adrimeticum
613 3559 642 3618 iu
669 3562 860 3633 suspicionem
880 3567 1004 3619 vocanda
1021 3567 1113 3622 videri
1138 3570 1182 3622 si-

252 3627 467 3698 gnificaverim,
497 3645 595 3683 moneo
614 3632 668 3684 boc
687 3631 773 3695 loco,
802 3632 875 3686 haud
895 3634 1089 3705 improbabile
1106 3653 1182 3702 esse,

173 3705 176 3716 '
253 3707 320 3767 post
338 3698 503 3752 vocabulum
521 3697 643 3752 sossium
660 3701 777 3767 aliquod
798 3701 932 3766 verbnm,
969 3708 1044 3767 cuod
1063 3707 1183 3778 proprie

171 3813 174 3820 ,
253 3767 382 3828 dicitur,
419 3767 624 3835 intercidisse,
659 3787 778 3838 quocum
796 3787 881 3826 voces
898 3771 1033 3840 μεταῦθις
1049 3776 1079 3830 ἐν
1096 3775 1183 3843 χρόνῳ

255 3839 329 3901 (nem
355 3836 409 3890 ille
427 3838 481 3891 ed.
503 3838 628 3894 Aldinae
654 3841 744 3895 lectio
776 3857 793 3893 a
819 3841 1031 3898 Wellauero
1065 3857 1181 3916 recepta

255 3903 921 4036 :lim:1⁰'ill‘ii‘l'll‘lliiiltili*
940 3929 1183 4038 illiciis?

169 4071 174 4084 ·
257 4010 353 4124 potius
364 4045 494 4100 daturum
511 3995 1005 4126 spoepissr'exspeciari‘posds.g
1026 4051 1105 4122 Ergo
1123 4021 1182 4108 ior³

185 4141 191 4152 ·
257 4127 307 4164 sen
326 4117 506 4171 inserendum
523 4128 585 4172 est:
609 4120 722 4173 παθεῖν.
