2728 4690
231 481 347 549 Cbori.
407 479 595 544 Praeterea·
610 480 650 542 in
680 478 883 544 orchestram
909 475 1038 542 venisse
1064 482 1152 540 ante.
1172 474 1265 538 bunc

230 585 362 634 versum
384 574 479 652 putet
497 561 703 647 προπομπούς
721 583 794 626 cnm
809 562 942 624 dacibus
951 609 962 638 ,
983 563 1150 639 victimis,
1178 562 1267 622 liba·

231 651 389 725 tionibus,
410 649 586 730 purpureis
604 651 761 713 restibns.
803 647 955 729 Incipere
975 653 1083 709 eumen
1104 665 1266 726 pompam

232 733 326 800 dicit.
346 740 422 820 post
449 751 578 820 remum
599 733 663 798 985
690 733 787 812 simul
815 750 888 794 cnm
909 731 1037 794 verbis:
1069 732 1144 809 βᾶτε
1167 725 1265 808 δόμῳ,
1300 758 1303 812 μ

232 827 267 882 et
287 818 352 880 hoc
374 807 505 898 quidem
526 814 653 894 ordine,
674 825 713 878 ut
733 835 847 902 agmen
870 813 969 877 ducat
987 813 1156 889 Minerva,
1178 813 1268 874 hanc
1301 815 1304 868 t

234 901 407 984 excipiant
422 899 658 986 Areopagitae,
685 908 756 960 tum
777 906 957 980 sequantur
976 897 1181 976 προπομποί,
1207 916 1266 978 po·

234 979 356 1053 stremo
374 979 525 1066 'denique
553 1002 594 1045 ex
621 983 789 1049 orchestra
821 1001 839 1044 e
881 979 1034 1043 edianbsr
1055 979 1265 1048 Eumenides.

234 1061 393 1132 Muelleri
414 1067 609 1130 senteutiam
630 1067 836 1152 impugnavit
875 1065 1048 1129 ritnschius
1070 1066 1107 1126 in
1125 1084 1267 1126 censura

235 1171 267 1233 p.
296 1153 483 1216 111-116.
533 1149 631 1213 Putat
661 1150 709 1228 is,
741 1168 896 1232 pompam
922 1167 989 1210 non
1022 1150 1058 1208 in
1091 1149 1267 1210 orchestra

237 1235 387 1314 institui,
418 1232 475 1297 sed
494 1237 530 1296 in
547 1227 665 1313 πόποι,
692 1252 731 1295 eo
754 1235 900 1296 Chorum
922 1234 1130 1294 reconferre
1152 1234 1266 1293 statim

237 1328 312 1400 post
338 1338 470 1382 versum
490 1319 570 1394 985,
601 1335 740 1400 pompae
769 1316 827 1380 has
855 1313 1008 1397 deinceps
1037 1333 1106 1376 esse
1136 1324 1267 1398 partes:

239 1404 272 1479 1)
293 1401 500 1482 Minervam,
538 1400 572 1483 2)
601 1402 738 1465 ancillas
759 1399 947 1478 Minervae,
985 1397 1020 1476 3)
1047 1398 1267 1486 Areopagitae

239 1481 471 1564 cum'facibus,
494 1483 528 1563 4)
546 1483 751 1550 Eumenides.
794 1483 1003 1545 Hermannns
1024 1482 1111 1544 hanc
1132 1483 1268 1566 quidem

238 1589 309 1632 rem
330 1568 440 1630 noluit
459 1569 660 1630 accuratiori
680 1567 840 1648 subjicere
861 1565 1098 1649 disquisitioni,
1119 1565 1180 1629 sed
1201 1587 1270 1628 rno-

238 1661 296 1714 net
329 1661 458 1714 tantum
498 1654 532 1714 in
564 1671 701 1714 censura
737 1671 768 1735 p.
801 1654 880 1729 121,
922 1671 988 1711 non
1012 1659 1119 1712 'recte
1158 1654 1268 1714 iacere
1318 1674 1319 1720 t

239 1735 454 1838 Muellerum·
471 1745 504 1800 et
524 1735 774 1837 Fritaschium,
793 1732 882 1817 quod
907 1753 927 1795 a
948 1733 1102 1798 Minerva
1123 1742 1270 1796 statuant
1319 1731 1321 1818 ζ

241 1816 742 1982 zitttttssttiffitht
763 1827 889 1981 ethi:
919 1815 1269 1984 bethsettha

244 1986 342 2047 ihren
367 1987 459 2049 Platn
489 1988 564 2063 hat,
602 1983 680 2072 geht
706 2005 772 2051 von
801 1985 909 2048 dieser
936 1985 994 2063 ab,
1021 1982 1196 2048 'nachdem
1221 1988 1268 2048 sie
1324 2018 1325 2042 t

245 2066 318 2129 dem
338 2067 429 2130 Cbor
449 2069 629 2134 Itebewohl
653 2079 763 2132 resset
783 2069 858 2148 hat,
879 2091 953 2150 um,
966 2069 1033 2142 wie
1054 2071 1103 2131 sie
1127 2070 1265 2158 angiebt,
1325 2076 1326 2104 ¹

244 2154 512 2240 voraussngehen
543 2151 613 2214 und
641 2119 704 2214 deu
727 2118 900 2234 ffirinnyen
932 2151 1007 2214 ihre
1027 2153 1268 2240 Wohnungen,
1326 2132 1328 2212 ’π

244 2253 344 2302 wenn
364 2238 412 2299 sie
438 2239 501 2299 mit
521 2235 595 2298 dem
616 2235 815 2324 Fachelenge
846 2237 1000 2300 hommeu
1020 2235 1176 2315 werden,
1216 2258 1270 2298 an-
1328 2246 1330 2314 ἶ

246 2321 423 2387 nuweioen.
476 2322 542 2384 Das
564 2323 608 2383 ist
632 2321 726 2383 nicht
753 2321 905 2385 berchtet
923 2317 1080 2404 worden,
1116 2322 1269 2410 obgleich

246 2422 281 2467 es
302 2423 385 2494 gana
406 2403 483 2468 klar
504 2406 545 2471 V.
569 2408 630 2471 957
650 2417 763 2492 gesagt
784 2407 844 2467 ist:

370 2490 491 2574 χαίρετε
510 2487 537 2574 χ’
558 2489 654 2570 ὑμεῖς·
675 2487 827 2571 προτέραν
848 2485 874 2550 'd'
895 2486 946 2570 ἐμὲ
964 2482 1024 2572 χρὴ

373 2575 499 2657 στείχειν
519 2573 680 2654 θαλάμους
702 2571 921 2647 ἀποδείξουσαν

372 2655 452 2740 πρὸς
472 2659 541 2739 φῶς
561 2655 650 2740 ἱερὸν
664 2657 758 2719 τῶνδε
778 2658 1000 2739 noncopantis«

248 2740 320 2805 Nos
340 2739 381 2804 de
407 2743 561 2804 universa
582 2745 619 2803 r'e
640 2741 720 2824 qnid
741 2745 919 2822 sentiamus
933 2743 1036 2802 infra
1064 2740 1100 2802 in
1129 2739 1274 2804 medium

249 2825 472 2906 proferemus,
505 2825 637 2907 qnando
662 2827 793 2914 singula
813 2839 959 2908 quaeque
980 2823 1154 2888 Minervae
1176 2828 1276 2891 verba

250 2907 317 2970 hnc
336 2906 491 2971 facientia
513 2907 704 2996 diligentius
726 2911 850 2971 merim
870 2927 1013 2975 excussa.

333 2992 375 3053 Et
402 2994 511 3075 primo
541 2991 673 3075 quidem
704 2994 779 3055 loco
807 2991 981 3056 dicendum
1011 2990 1053 3055 de
1077 3012 1177 3056 versu
1203 2997 1278 3060 959.

252 3071 559 3144 commemorantur
576 3078 633 3140 ibi
648 3077 826 3157 operosum*
846 3086 880 3141 et
900 3080 949 3140 sic
971 3075 1122 3160 quidem,
1157 3081 1200 3140 ut
1219 3077 1279 3140 du-

252 3159 356 3222 bitari
387 3179 455 3222 non
488 3161 610 3244 possit,
647 3164 727 3243 quin
757 3159 798 3224 de
828 3163 1053 3244 praesentibus
1084 3180 1193 3224 sermo
1224 3163 1279 3224 sit.

253 3241 419 3329 Intelligit
447 3253 556 3308 autem
584 3263 657 3316 cnm
686 3246 854 3327 prioribus
878 3245 1281 3314 ¹editoribus·Muellerus

162 3337 164 3341 '
254 3327 392 3393 ancillas
418 3326 608 3406 Minervae,
649 3347 786 3411 quarum
816 3332 905 3394 intra
935 3350 1034 3394 versu
1063 3330 1125 3396 978
1154 3332 1281 3392 mentio

222 3421 226 3430 “
254 3411 311 3488 fit3
349 3420 438 3474 certe
472 3413 529 3474 bas
560 3420 686 3495 partem
718 3415 864 3478 effecisse
891 3417 1047 3500 agminis,
1087 3410 1179 3497 qnod
1205 3422 1283 3476 ante

255 3514 388 3576 versum
408 3496 470 3562 957
492 3497 693 3560 orchestram
715 3499 896 3582 ingressum
918 3519 986 3562 esse
1014 3500 1216 3575 arbitratur,
1251 3506 1285 3560 et

257 3580 392 3642 nomine
423 3582 612 3662 προπομπῶν
643 3578 827 3666 designari,
866 3602 1065 3665 quemqnam
1098 3601 1167 3643 non
1203 3584 1285 3644 satis

258 3672 403 3742 constet,
430 3674 542 3726 utrum
563 3666 653 3734 solae
674 3666 869 3744 innuantur,
898 3685 940 3728 an
962 3673 1060 3749 poeta
1082 3669 1151 3730 'ista
1171 3667 1287 3749 appel-

257 3748 384 3811 latione
407 3751 508 3832 ,etiam
535 3749 798 3831 alias.parsones
816 3748 1102 3834 ‘comprehendere
1126 3751 1285 3815 voluerit.

258 3829 470 3916 Friteschins.
482 3841 596 3896 contra
618 3833 746 3908 verbis:
776 3834 870 3896 atinde
890 3837 1081 3916 coccapanis
1101 3836 1287 3922 Areopagi·

259 3923 311 3996 tas
338 3915 498 3984 tenensi,
522 3917 713 3980 arbitratur.
744 3967 748 3982 .
780 3917 830 3981 dt
855 3927 995 4002 utraque
1024 3921 1187 3982 sententia
1201 3939 1288 3981 'non

205 4039 210 4051 ·
260 4002 545 4085 genumanititur
563 3999 903 4083 librommalections,
915 4000 984 4069 *sed
1002 4004 1213 4070 correctione
1233 4005 1289 4070 vi-
