2652 4688
234 351 309 430 alo

276 535 355 591 eunt
374 521 470 587 Pind.
493 519 590 604 Pyth.
613 521 698 603 Vll,
720 525 763 585 1:
794 515 1011 602 μεγαλοπόλιες
1031 517 1209 605 Ἀθᾶναι,
1237 521 1277 586 de

277 631 345 696 quo
365 612 440 672 loco
460 611 522 670 cfr.
544 607 691 670 Dissenii
711 603 845 682 adnot,
871 604 1039 671 et·Solon.
1062 607 1156 693 Eleg.
1181 607 1276 686 Xlll,

275 699 297 762 5
317 693 382 775 (ed.
396 693 496 754 Baob.
518 713 551 774 p.
562 692 639 771 88)=
660 686 791 771 μεγάλην
807 686 914 766 πόλιν,
937 692 1093 777 vulgatae
1113 691 1275 775 scriptio-

276 782 330 843 nis
351 779 504 862 vulgatae
524 777 732 859 patrocinari
754 777 1046 879 interpretationi,
1081 796 1142 857 per
1162 797 1200 838 se
1222 780 1277 837 111-

275 865 452 950 telligitur.
495 858 583 924 Illud
604 870 714 922 tamen
734 864 884 940 πολλη,
915 861 946 920 si
965 879 1045 923 rere
1066 863 1113 922 sit
1132 879 1155 922 a
1173 870 1276 944 poeta

232 987 235 992 -
276 951 482 1033 profectum,
511 952 620 1027 potest
641 946 740 1006 etiam
761 943 957 1025 ita'aecipi‚
978 955 1017 1006 ut
1037 946 1102 1006 sit:
1129 965 1276 1030 magna

277 1042 319 1095 et
350 1031 562 1092 honorata
595 1029 649 1092 vel
678 1063 720 1076 —
752 1047 835 1112 quae
854 1029 1025 1110 aptissima
1046 1043 1120 1092 esee
1140 1028 1276 1093 videtur

276 1116 511 1198 interpretatio
530 1149 571 1160 -
592 1111 861 1176 vehementer
881 1110 1071 1192 (laudabis).

232 1226 313 1372 Paff:
336 1229 397 1325 166
406 1269 423 1325 ,0
449 1224 553 1323 lin35
584 1220 639 1298 (ab
662 1220 728 1280 ima
748 1218 838 1308 pag.)
868 1239 931 1283 scr.
962 1222 1100 1288 11427.«
1168 1223 1276 1286 [1111

311 1328 425 1374 ueram
446 1304 648 1371 omittendus
669 1312 751 1368 erat.

231 1449 275 1470 ι-
297 1421 358 1483 167
379 1437 427 1500 sq.
472 1414 569 1497 Quod
588 1411 699 1477 media
719 1431 792 1497 pag.
815 1409 906 1488 dixi,
926 1412 1163 1494 scholiastam,
1193 1418 1269 1480 scri-

234 1530 239 1558 :
275 1504 408 1565 bentem
429 1498 465 1565 osi
486 1497 628 1584 μακράν,
655 1498 819 1583 integram
840 1498 1007 1579 explicare
1028 1495 1219 1564 dictionem
1238 1498 1270 1565 οὔ

275 1585 364 1668 μόλις
383 1583 510 1671 παρών,
541 1603 608 1648 nou
627 1583 693 1662 jam
714 1580 886 1662 probabile
906 1580 1004 1647 duco.
1047 1582 1156 1646 Nihil
1176 1589 1273 1650 inter·

276 1679 466 1754 prelaturas
485 1678 580 1746 erat,
610 1667 679 1728 nisi
698 1665 770 1728 sole
790 1665 891 1728 verba
913 1661 950 1728 ου’
970 1662 1072 1746 μόλις.
1125 1669 1271 1734 Verbum

275 1751 399 1839 μακρὰν
421 1753 462 1817 de
483 1763 633 1835 tempore
653 1748 779 1813 dictum
800 1758 859 1812 eet.
889 1785 932 1798 --
992 1751 1268 1834 Explicationen,

234 1887 239 1898 .
271 1836 374 1923 'mm
394 1860 468 1986 pai.
488 1857 556 1920 seq.
578 1835 706 1918 protuli
734 1834 806 1911 (lin.
831 1839 872 1900 lo
892 1853 957 1900 aer.
979 1837 1077 1916 481),
1111 1840 1218 1902 nimis
1234 1842 1268 1900 il-

276 1926 343 1986 lam
365 1926 432 1986 arti
456 1925 582 1986 eiosam
602 1928 700 2002 atque
721 1927 907 1981 contortam
934 1918 1034 1982 hodie
1055 1941 1133 1986 nou
1156 1945 1266 1986 moror.

271 2007 381 2072 Ἔστω
401 2004 512 2086 uapor
533 2005 660 2069 dictum
686 2012 737 2066 est
762 2021 825 2086 pro
845 1999 1013 2088 παρέστω,
1054 2015 1098 2068 ut
1121 2009 1166 2069 111
1188 2010 1265 2085 locis,

252 2112 360 2174 ‚quos
402 2095 440 2152 in
472 2089 755 2171 comparationem
784 2092 929 2169 vocavi,
978 2089 1043 2152 ieri
1074 2089 1188 2177 παρὸν
1213 2113 1261 2177 pro

275 2173 409 2260 πάρεστι
430 2183 464 2237 et
482 2167 522 2250 ἦν
541 2168 651 2251 neonis
671 2191 732 2255 pro
752 2174 866 2255 παρῆν.
923 2173 1039 2236 Dictis
1061 2173 1102 2238 οὐ
1127 2174 1211 2258 μόλις
1223 2173 1257 2236 ad

275 2261 465 2323 universam
485 2258 682 2321 sententiam
703 2265 845 2340 spectat,
885 2277 953 2320 non
974 2256 1017 2320 ad
1038 2277 1155 2324 unum
1176 2262 1249 2324 solun

273 2345 471 2410 vocabulum
490 2342 639 2428 θυραῖος.
682 2340 911 2423 interpretorz
943 2352 1176 2408 externum
1194 2344 1256 2408 bel·

275 2432 361 2494 lum
399 2445 665 2511 nonvparum
703 2428 970 2508 suscipiatur
1000 2436 1043 2489 et
1081 2441 1261 2516 geratur.

275 2514 432 2578 Ceterum
453 2510 639 2575 Hermanni
659 2512 901 2574 correctionem
930 2529 999 2573 uon
1025 2520 1098 2576 tam
1132 2535 1198 2578 uon
1223 2516 1264 2576 in-

274 2599 412 2686 telligo,
442 2617 540 2681 (11111
561 2596 697 2658 minime
717 2594 835 2676 probo.

233 2710 370 2774 -181.
395 2707 472 2772 ·Vs.
494 2708 557 2772 957
584 2715 683 2769 erunt
707 2709 868 2785 fortasse,
905 2706 964 2787 qui
990 2707 1171 2793 vulgatam
1196 2707 1267 2770 ecri-

274 2795 425 2876 ptionem
447 2789 483 2852 di
499 2812 538 2872 με
558 2809 577 2851 a
594 2793 802 2853 correctione
812 2788 1028 2868 Wakefieldi,
1050 2812 1160 2874 quam
1179 2794 1267 2854 tacite

275 2881 314 2940 iu
340 2874 493 2938 ordinem
514 2875 692 2938 verborum
722 2877 929 2959 recepimus,
967 2872 1154 2940 defendere
1172 2879 1270 2941 velint

273 2960 435 3024 adhibitis
465 2961 509 3022 iis
539 2961 727 3041 exemplis,
770 2979 855 3041 quae
885 2961 1052 3044 congessit
1086 2959 1266 3024 Bernhard.

272 3044 408 3126 Syntax.
439 3065 472 3127 p.
495 3046 579 3123 275,
618 3043 848 3125 similibusque
875 3044 969 3121 aliis,
1006 3041 1067 3106 sed
1089 3042 1216 3108 dubito
1235 3066 1271 3108 au

275 3149 351 3191 cum
371 3131 463 3192 nulla
482 3125 787 3192 verisimilitudinis
808 3129 926 3212 specie.
1299 3181 1300 3210 p

231 3273 275 3289 -
293 3239 377 3316 2⁰5,
417 3238 477 3302 lin.
499 3237 560 3299 ult.
597 3229 851 3300 adnotationem
883 3233 1049 3300 Lobeelaii
1089 3239 1275 3302 emissurus

273 3341 376 3388 eram

626 3459 871 3474 *un——

308 3670 342 3726 tn
358 3661 461 3738 prinis
477 3661 564 3729 brine
580 3650 713 3710 turarii
730 3648 844 3724 paginis
858 3653 917 3719 jam
934 3651 1048 3723 pridem
1068 3654 1151 3726 typis
1172 3671 1275 3712 uene·

374 3757 417 3814 sis
433 3771 517 3825 quun
538 3767 628 3825 111111
644 3750 781 3820 quaem
798 3747 1002 3820 praetermissa
1019 3749 1113 3805 notin
1131 3762 1164 3810 et
1183 3750 1275 3808 cerri·

375 3850 469 3926 ganda
487 3849 614 3914 maleam,
640 3845 713 3900 baec
729 3843 810 3898 adde.

1298 3943 1299 3996 l

229 4006 306 4088 Pag·
327 4001 350 4066 5
369 4021 441 4082 sq„
461 3992 506 4056 ad
526 3992 637 4058 adnot.
659 3993 696 4054 in
709 3989 767 4054 Vs.
781 3991 832 4054 26.
876 3973 1161 4070 interpretationi
1185 3991 1279 4054 scho-

272 4089 409 4161 liastae,
451 4097 550 4162 quam
582 4078 726 4160 amplexi
758 4092 895 4151 sumus,
931 4069 1135 4138 adversatur
1166 4075 1277 4160 zoega
