2728 4690
180 421 182 430 ,
1039 333 1112 410 ns

177 506 241 572 Sed
270 505 310 570 de
339 511 532 592 Quaerite
563 521 676 566 eorum
704 523 786 590 quse
812 501 1004 570 exciderunt
1031 505 1110 590 quid

97 591 190 654 nabis
222 588 374 656 videatur
399 584 605 650 stannatum
630 608 699 652 esse
725 593 907 654 accuratius
928 589 1110 654 disserendi

96 678 231 738 inferius
251 677 344 738 loeus
364 674 439 736 erit.
497 671 614 749 Nunc,
645 673 834 754 priusquam
855 673 906 736 dis
929 677 1110 738 utationsm

58 759 60 764 ’
95 759 280 822 inchoatam
304 772 552 840 persequamur,
588 753 747 838 quaedem
774 767 879 820 tracta
924 779 944 820 a
971 757 1110 820 suntad

95 839 286 924 explicanda
314 841 445 926 singula
476 847 590 921 poetae
617 839 734 917 verba,
770 837 847 902 inde
877 862 897 902 a
922 861 1020 905 versu
1046 844 1110 907 978

94 927 239 1008 prolate,
267 925 476 1007 pertinentia.
524 923 704 1004 Quaeritur
735 925 837 1002 enim,
869 943 1025 1006 quaenam
1057 930 1110 986 in-

94 1007 291 1114 telligendae
310 1009 378 1069 sint
398 1007 476 1068 illae
496 1003 675 1088 reticentes,
703 1010 765 1068 αἵτε
784 1010 978 1091 φρουροῦᾳιν
998 1007 1109 1092 βρέτας

95 1089 362 1172 coniunctissime.
386 1123 389 1132 ,
415 1087 720 1154 commemorantur
747 1090 834 1170 apud
855 1095 1033 1174 scriptores
1052 1115 1109 1156 re·

95 1186 193 1238 teres*
206 1177 295 1244 inter
321 1173 438 1256 tempii
466 1171 627 1235 Miner-rii
665 1175 831 1236 ministres
862 1173 1012 1255 tempiiee
1041 1179 1110 1239 sive

94 1260 289 1342 ninrnplise,
316 1257 413 1320 binae
442 1258 581 1343 singulis
600 1258 695 1325 anuis
716 1258 838 1322 electae
858 1261 1009 1341 puellae,
1048 1263 1109 1322 eir.

94 1345 282 1406 Bossleri
316 1339 498 1424 disputatio
530 1338 580 1403 de
616 1341 815 1425 gentibus
850 1351 891 1405 et
927 1343 1111 1406 familiis

22 1467 25 1474 ⁴
95 1427 264 1490 Atticae
283 1421 623 1498 sacerdotalibus
644 1443 677 1505 p.
692 1426 724 1502 9,
745 1426 862 1506 quibus
884 1424 1016 1508 quidem
1037 1443 1111 1488 eum

95 1511 271 1572 simulacro
292 1507 371 1572 deae
397 1527 450 1569 res
469 1514 575 1583 eret,
596 1510 717 1590 quippe
737 1511 827 1588 eujus
855 1509 986 1571 lavandi
1013 1512 1112 1572 mini-

95 1597 233 1654 sterium
262 1587 435 1674 habereut,
469 1587 526 1652 sed
543 1609 628 1672 qima
649 1591 812 1674 quomedo
833 1593 998 1656 custodire
1026 1592 1112 1654 illud

96 1685 171 1759 apte
199 1675 267 1737 diei
297 1676 424 1758 possint
450 1693 518 1734 nen
545 1683 675 1754 exputo.
733 1672 856 1738 Contra
886 1675 951 1737 bne
970 1679 1113 1758 pertinet

94 1762 150 1824 vel
165 1761 317 1821 *maxime
346 1761 417 1842 ipsa
437 1755 610 1819 Minervae
628 1755 774 1820 Paliadis
787 1758 962 1838 ‘sacerdns,
994 1781 1113 1847 genere
1162 1807 1171 1820 κ

95 1841 377 1926 splendidissime,
417 1849 573 1922 uuquam
607 1841 782 1924 κλειδοῦχος
817 1850 851 1903 et
885 1853 992 1906 custos
1021 1843 1112 1905 aedis

96 1945 224 2004 saeuae,
262 1945 344 2008 quae
372 1925 408 1985 in
436 1926 508 2006 ipso
536 1925 659 2006 templo
681 1933 714 1986 et
734 1923 866 2007 quidem
885 1927 921 1991 in
941 1947 980 1988 ea
1006 1936 1112 2009 parte,

96 2029 179 2092 quae
206 2007 384 2072 Pandrosei
409 2009 542 2069 nomine
570 2006 850 2092 distinguebatur,
881 2007 990 2077 sedern
1014 2011 1113 2073 babe-

95 2095 169 2170 bat,
190 2129 231 2142 --
252 2097 311 2156 cfr.
332 2090 368 2154 G.
393 2091 431 2156 0.
451 2089 661 2154 Muelleri
682 2093 814 2154 libellus
833 2090 876 2155 de
895 2091 1114 2158 Minervae

94 2174 285 2248 Polindis
314 2176 450 2238 sacris
482 2184 522 2237 et
549 2173 650 2238 aede
673 2177 723 2236 iu
743 2194 841 2238 aree
862 2174 1114 2242 Athenarum

94 2261 294 2342 plastes,
316 2259 460 2322 Beseleri
480 2255 600 2338 disput.
622 2256 720 2320 modo
742 2261 799 2324 eit
821 2279 853 2342 p.
868 2261 900 2336 5,
913 2293 953 2306 -
967 2270 1001 2322 et
1021 2281 1115 2342 pree-

94 2355 148 2405 ter
168 2345 269 2420 hene,
292 2361 392 2424 quum
414 2339 455 2402 de
475 2341 627 2424 pluribus
647 2360 759 2404 sermo
782 2344 843 2420 eit,
873 2343 955 2404 istac
977 2342 1115 2424 iprensi-

96 2448 148 2506 ροι
168 2428 238 2490 sive
259 2420 431 2506 ἐρ’ρηφόροι
446 2425 516 2486 sive
530 2417 724 2507 ἆρ’ῥηφόροι,·
750 2433 909 2505 »φιηιιοτ
921 2427 1116 2508 enirnpucl-

95 2511 149 2572 lae
170 2509 264 2568 anuis
284 2516 495 2605 septemnon
514 2507 678 2604 mipores,
705 2505 858 2598 undecies
878 2525 945 2579 unu
976 2511 1115 2588 maiores

95 2588 1117 2756 tttttttt⁰tt¹tt⁸,tttbtttfstttuttttt

95 2757 201 2820 tidem
213 2759 315 2822 saeris
335 2774 398 2839 per
478 2757 507 2818 is
519 2753 766 2822 adhiberentur.
808 2757 882 2820 Hae
902 2758 1118 2842 pereoliduun

95 2861 219 2907 anuum
240 2843 276 2902 iu
297 2860 390 2917 arec,
421 2840 476 2912 vel
493 2840 566 2922 ipsa
587 2837 667 2902 aede
687 2843 858 2912 conclusae
883 2845 942 2906 ·vel
970 2843 1006 2904 iu
1026 2841 1118 2907 eeti-

96 2925 173 2987 eula
193 2927 323 3001 vicina,
344 2921 531 3010 degebant-t<
581 2921 694 2986 Verba
713 2935 789 2988 sunt
808 2924 967 2988 Muelleri
988 2927 1011 2986 1.
1033 2928 1057 2988 i.
1085 2945 1116 3008 p.

97 3011 140 3072 14
161 3029 227 3090 sq.,
256 3011 316 3072 eir.
337 3009 439 3070 etiam
453 3027 490 3152 p.
511 3008 570 3084 23,
598 3005 658 3068 ubi
678 3008 776 3070 simui
795 3027 872 3070 curn
890 3007 1060 3080 secerdote
1081 3012 1118 3072 in

96 3089 285 3154 Pandroseo
307 3091 395 3152 intra
412 3109 450 3152 ae
475 3109 526 3152 em
544 3090 715 3153 conclusae
730 3091 882 3158 interdiu
901 3091 1119 3174 perhibentur

99 3183 322 3242 commoratae
342 3191 421 3238 esse.
462 3172 635 3236 Praeterea
656 3183 782 3248 eutem,
805 3195 888 3258 qnae
910 3175 968 3237 hie
988 3179 1024 3238 in
1044 3196 1120 3240 cen-

97 3279 172 3321 sum
184 3261 299 3321 venire
318 3259 455 3340 possint,
477 3257 644 3318 ministras
657 3255 739 3319 deae
759 3259 829 3322 seio
851 3257 969 3324 uuilas.
1010 3261 1120 3342 Quare

98 3361 200 3424 quum
226 3350 343 3426 sponte
372 3348 545 3424 appareat,
583 3337 625 3402 de
656 3341 836 3428 perexiguo
864 3349 991 3404 tentum
1022 3345 1121 3406 mirsia

97 3436 243 3488 strerum
271 3444 408 3488 numero
432 3441 617 3492 sermenem
645 3443 714 3488 esse
741 3443 852 3506 posse,
873 3459 915 3472 -
936 3434 1013 3488 sunt
1031 3429 1121 3490 enim

99 3507 145 3568 ad
173 3527 333 3572 summurn
361 3508 519 3590 quinque,
545 3507 677 3570 etiamsi
702 3525 813 3570 omnes
834 3507 1036 3590 Ereephoros
1067 3507 1122 3573 de·

40 3603 50 3612 ·
99 3591 435 3676 signariexistimes,
468 3587 505 3652 id
525 3587 614 3672 qnod
640 3609 682 3652 ne
730 3589 878 3654 rehabiie
909 3591 1042 3672 quidem
1063 3603 1122 3670 est,

99 3711 144 3725 --
161 3673 403 3753 'jure‘mireris,
425 3671 587 3757 quomodo
609 3670 697 3735 idem
755 3675 912 3752 uellerea,
933 3674 1050 3737 harum
1070 3697 1123 3740 re·

99 3775 178 3818 rum
202 3753 327 3820 arbiter
346 3759 593 3833 scientissimus,
613 3757 759 3826 scribere
775 3759 926 3840 potuerit
946 3757 988 3819 ad
1008 3760 1124 3822 Eume-

101 3833 199 3900 nidas
220 3859 251 3921 p.
276 3842 356 3906 28⁴1:
376 3844 449 3905 »Au
471 3838 525 3901 die
546 3839 797 3902 nahlreiche
817 3837 1048 3904 Dtenersehan
1067 3840 1125 3908 des

102 3921 258 4004 Tempsis
280 3921 340 3986 der
359 3925 467 3988 Polias
488 3923 653 3985 schlossen
675 3923 746 3986 sich
773 3922 925 3988 audere
953 3925 977 3985 F
984 3943 1084 3986 reue
1092 3945 1125 4003 n,

101 4026 140 4069 so
154 4008 228 4074 nie
246 4004 408 4071 Mbdchen
433 4005 502 4068 und
524 4003 722 4070 Greisinnen
743 4026 822 4087 an,«
854 4017 914 4070 eut
938 4008 975 4082 in
1005 4023 1126 4090 eppen-

872 4139 921 4216 13
