2770 4690
1001 359 1155 435 XXXIII

127 549 189 609 ant
213 553 341 606 somno
367 529 511 628 sopitae.
564 526 807 606 Nihilomsnus
841 531 938 606 idem
973 545 1014 606 ut
1039 530 1155 632 lugiet
1235 555 1238 560 ·

126 658 239 730 neque
257 631 423 708 animum
439 627 601 704 remittat
618 630 796 724 hortatur,
822 631 903 707 fore
915 631 1015 706 enim
1032 647 1073 706 ut
1087 635 1156 708 hae

126 760 212 809 eum
237 757 366 809 rursus
390 731 569 830 exagitent
594 756 660 826 per
685 732 928 807 continentem
960 758 1070 830 aeque
1103 749 1155 808 at-

126 859 195 934 que
214 857 336 926 mare,
362 855 513 908 monens
531 847 674 925 tamen,
698 858 744 905 ne
761 847 865 908 antea
880 833 1040 925 laboret,
1066 833 1155 909 dum

125 936 178 1010 ita
203 934 382 1033 agitetur,
429 932 491 1006 sed
515 932 674 1006 Athenas
697 934 886 1009 contendat
908 948 943 1007 et
968 933 1157 1031 antiquum

125 1037 314 1110 Minervae
335 1033 520 1130 amplexus
546 1031 788 1108 simulacrum
813 1038 959 1132 supplex
982 1035 1155 1128 considat,

124 1135 180 1210 ibi
207 1135 307 1210 enim
332 1148 501 1209 curatum
527 1134 597 1226 iri,
643 1134 745 1207 utin
770 1150 960 1211 aeternum
985 1135 1030 1212 ab
1055 1135 1157 1210 hisce

125 1236 302 1312 liberetur
335 1233 538 1328 laboribus3
587 1259 769 1332 quumque
800 1236 965 1329 Orestes,
1004 1239 1062 1311 v'el
1100 1239 1156 1312 sic

126 1338 253 1414 anxius
280 1335 415 1428 animi,
453 1349 639 1432 precetur,
680 1350 721 1409 ut
745 1336 865 1432 ipsum
890 1363 963 1412 non
986 1336 1156 1438 negligat,

126 1465 253 1514 rursus
275 1436 462 1526 hortatur,
487 1449 527 1508 ut
553 1457 699 1510 memor
722 1435 770 1508 sit
793 1461 942 1531 eorum,
968 1463 1057 1534 quae
1079 1463 1156 1512 mo

125 1540 171 1614 do
198 1536 351 1629 dixerit,
377 1551 412 1610 et
432 1533 663 1608 Mercurium
688 1535 845 1609 fratrem
871 1540 1091 1634 compellat,
1117 1555 1158 1612 ut
1241 1593 1244 1600 -

125 1637 280 1736 supplici
310 1661 376 1710 suo
400 1649 550 1710 curator
579 1635 708 1710 existat
740 1651 845 1734 atque
870 1637 1053 1712 deductor.
1105 1640 1158 1730 (A

122 1743 190 1816 Vs.
217 1741 268 1816 64
292 1764 327 1812 u.
354 1736 398 1810 ad
423 1737 487 1812 Vs.
515 1735 595 1824 94.)

227 1839 304 1932 Quo
330 1837 427 1912 sacto
449 1835 618 1911 Orestem
643 1832 840 1912 abeuntem
861 1840 1079 1934 comitatur,
1117 1855 1158 1918 ut

123 1941 285 2033 videtur,
330 1937 374 2012 ad
398 1941 522 2011 locum
559 1960 687 2011 scenae
720 1939 886 2034 proxime
920 1941 1158 2037 adjacentem,

124 2041 366 2192 parricideppn
393 2036 603 2136 priusquam
630 2037 662 2110 is
687 2062 726 2112 se
751 2039 790 2112 in
812 2041 939 2143 sugam
965 2042 1042 2135 det,
1074 2069 1158 2140 pur-

124 2157 275 2244 gesturus
326 2144 356 2232 ).
383 2181 433 2196 -

146 2374 193 2440 so)
227 2369 319 2426 Posui
337 2371 391 2425 hoc
408 2373 546 2441 omnium,
564 2375 614 2442 qui
633 2374 725 2428 adhuc
744 2373 780 2426 de
795 2371 1000 2428 Eumenidibus
1018 2387 1157 2426 commen·

226 2450 318 2497 tontes
336 2441 455 2494 animuin
473 2443 508 2498 ad
526 2445 664 2512 ejusmodi
682 2441 863 2510 quaestiones
880 2443 1077 2506 adverterunt,
1095 2441 1159 2511 pls-

227 2509 297 2565 citis
316 2511 501 2577 cummium,
532 2524 630 2595 utpote
648 2511 697 2580 qui
718 2526 772 2564 uno
789 2525 928 2564 consensu
944 2510 1109 2581 Apottiuent
1129 2508 1159 2563 in

227 2580 313 2633 aedes
332 2578 429 2632 redire
448 2581 493 2634 vel
513 2580 541 2635 in
562 2584 663 2634 iisdem
683 2595 828 2634 remanere
845 2590 1003 2646 autument,
1028 2577 1159 2632 simulat·

229 2664 287 2716 que
312 2647 432 2702 Orestes
459 2665 476 2702 o
503 2649 647 2704 Mercurio
679 2649 817 2702 deductus
847 2646 963 2704 abierit.
1015 2648 1160 2716 Purgatus

229 2717 350 2771 Orestes
368 2717 480 2784 quando
497 2731 527 2775 et
553 2720 602 2773 ubi
626 2718 794 2787 cogitandus
812 2715 868 2782 sit,
905 2715 1076 2786 investigere
1094 2717 1160 2787 plu·

228 2784 295 2839 ritui
319 2785 406 2840 obliti
432 2795 513 2855 sunt,
549 2779 676 2856 quamdis
696 2803 730 2841 ea
755 2800 802 2840 res
826 2803 881 2840 non
907 2787 946 2843 sit
971 2786 1081 2840 nullius
1099 2800 1160 2838 mo·

228 2851 315 2908 menti
332 2854 368 2907 ud
385 2870 486 2909 nexum
505 2856 635 2921 sabulum
653 2855 816 2923 quicunque
834 2871 893 2908 rem
914 2863 1108 2920 tentaverunt,
1126 2881 1160 2894 -

229 2922 471 2989 Schlegclius
487 2927 602 2980 Annali.
623 2924 732 2979 literar.
749 2923 881 2978 Jenenss.
900 2923 920 2978 l.
940 2941 965 2978 c.
991 2925 1045 2984 M
1063 2923 1105 2976 ts.
1131 2938 1160 2992 p.

229 2993 296 3057 382,
315 2989 550 3074 Illuerpnerns
566 2996 587 3068 l.
607 3011 633 3050 c.
651 3011 678 3064 p.
696 2995 747 3061 67,
765 2993 860 3072 adnot,
876 2991 918 3056 2,
937 2990 966 3048 in
985 3001 1160 3071 transcursp,

229 3062 742 3200 hgnfldtith⁸3¹4)¹htdgihlodhditaeo⁰phid
750 3062 820 3198 ,Q
838 3063 891 3184 iiii
905 3063 1161 3200 ἓὲείὶῐῖκόἒεὲἰονῖέ·

229 3208 305 3253 runt.
340 3197 454 3269 Quippe
474 3199 527 3254 ille
550 3200 746 3254 lustrationem
764 3199 793 3254 ln
812 3199 876 3268 ipso
898 3197 1052 3269 proscenio
1077 3212 1160 3268 pera·

229 3276 301 3321 ctum
321 3282 384 3320 esse
402 3279 500 3324 censet
517 3281 581 3325 ante
599 3268 755 3323 discessum
776 3267 905 3332 Orestis,
941 3268 977 3322 de
994 3283 1051 3350 quo
1070 3277 1161 3322 tamen

229 3336 387 3406 prudenter
418 3347 494 3393 tecet
525 3338 555 3392 in
585 3337 832 3408 praelectionibus
865 3352 952 3406 supra
980 3334 1068 3390 dictis
1096 3345 1162 3457 post

230 3404 359 3471 emissis,
391 3404 439 3460 hic
458 3406 556 3477 paucis
574 3417 682 3473 monet,
701 3407 846 3471 Orestem,
865 3421 948 3473 quum
967 3407 1002 3460 ab
1019 3404 1094 3474 Apol
1112 3403 1160 3457 ine

228 3475 358 3528 Athenas
383 3490 415 3528 se
439 3485 607 3529 convertere
631 3476 781 3543 jubeatur,
817 3476 854 3529 in
878 3476 1007 3544 templo
1032 3471 1080 3528 dei
1102 3475 1162 3541 jam

229 3554 379 3612 purgatum
398 3559 477 3611 esse,
504 3544 665 3615 dupliciter
681 3559 794 3609 errans,
829 3543 973 3600 utstatim
991 3541 1161 3614 apparebit;

228 3611 497 3737 stultitiis
499 3629 539 3737 ’ἑ
547 3611 1162 3751 ‘XXXXdiiiidli“⁸¹²¹,ld‘tlal3

228 3749 359 3816 quidem,
383 3752 440 3805 duo
457 3752 532 3807 enim
551 3762 630 3820 sunt,
652 3766 816 3820 quamquam
834 3767 888 3805 non
907 3720 975 3806 stine
992 3697 1089 3814 uerbis
1107 3763 1161 3802 ex·

229 3835 344 3942 ppippso,
363 3836 466 3902 esque,
485 3819 510 3943 Ii
527 3819 912 3945 I5⁰¹⁰f120¹³pec¹⁸ffl⁰¹i⁰it
921 3818 1000 3942 dstips
1018 3833 1161 3942 “3:2³³

231 3905 582 4036 omni-cpipgstpgsspmppp,
605 3905 1001 4039 chigir’susrhusaepirdhahciih
1012 3903 1160 4019 aieddere:

230 4025 404 4145 parricidam
423 4030 479 4094 jum
497 4036 563 4082 unte
582 4027 727 4083 introrsum
747 4027 776 4082 in
795 4027 928 4098 ternplum
945 4027 994 4080 der
1011 4029 1161 4100 purgatum

253 4093 310 4160 nsi.
345 4094 402 4153 Sed
426 4097 569 4156 videamus
593 4097 693 4170 paullo
715 4095 877 4152 accuratius
895 4096 931 4149 de
953 4090 1078 4160 siugulis
1096 4104 1161 4160 qur·

927 4237 948 4286 0
