<?xml version="1.0" encoding="UTF-8"?>
<!DOCTYPE html PUBLIC "-//W3C//DTD XHTML 1.0 Transitional//EN"
    "http://www.w3.org/TR/xhtml1/DTD/xhtml1-transitional.dtd">
<html xmlns="http://www.w3.org/1999/xhtml" xml:lang="en" lang="en">
 <head>
  <title>
</title>
<meta http-equiv="Content-Type" content="text/html;charset=utf-8" />
  <meta name='ocr-system' content='tesseract 3.04.00' />
  <meta name='ocr-capabilities' content='ocr_page ocr_carea ocr_par ocr_line ocrx_word'/>
</head>
<body>
  <div class='ocr_page' id='page_1' title='image "./conjectaneainae00wiesgoog_0068.png"; bbox 0 0 2794 4692; ppageno 0'>
   <div class='ocr_carea' id='block_1_1' title="bbox 962 361 1168 459">
    <p class='ocr_par' dir='ltr' id='par_1_1' title="bbox 962 361 1168 459">
     <span class='ocr_line' id='line_1_1' title="bbox 962 361 1168 459; baseline 0.005 -22"><span class='ocrx_word' id='word_1_1' title='bbox 962 361 1168 459; x_wconf 56' lang='lat' dir='ltr'><strong>‚anu</strong></span> 
     </span>
    </p>
   </div>
   <div class='ocr_carea' id='block_1_2' title="bbox 135 531 1170 1340">
    <p class='ocr_par' dir='ltr' id='par_1_2' title="bbox 135 531 1170 1340">
     <span class='ocr_line' id='line_1_2' title="bbox 243 531 1168 633; baseline 0 -23"><span class='ocrx_word' id='word_1_2' title='bbox 243 535 344 630; x_wconf 85' lang='lat' dir='ltr'><strong>Quod</strong></span> <span class='ocrx_word' id='word_1_3' title='bbox 365 536 410 611; x_wconf 90' lang='lat' dir='ltr'><strong>ad</strong></span> <span class='ocrx_word' id='word_1_4' title='bbox 434 559 561 611; x_wconf 81' lang='lat' dir='ltr'>scenae</span> <span class='ocrx_word' id='word_1_5' title='bbox 586 534 911 633; x_wconf 84' lang='lat' dir='ltr'><strong>repraesautionsm</strong></span> <span class='ocrx_word' id='word_1_6' title='bbox 937 531 1081 626; x_wconf 81' lang='lat' dir='ltr'><strong>attinet,</strong></span> <span class='ocrx_word' id='word_1_7' title='bbox 1105 537 1168 613; x_wconf 81' lang='lat' dir='ltr'><strong>vix</strong></span> 
     </span>
     <span class='ocr_line' id='line_1_3' title="bbox 141 634 1168 734; baseline 0.003 -26"><span class='ocrx_word' id='word_1_8' title='bbox 141 634 229 708; x_wconf 88' lang='lat' dir='ltr'><strong>licet</strong></span> <span class='ocrx_word' id='word_1_9' title='bbox 253 637 437 728; x_wconf 85' lang='lat' dir='ltr'><strong>dubitare,</strong></span> <span class='ocrx_word' id='word_1_10' title='bbox 466 637 551 734; x_wconf 85' lang='lat' dir='ltr'><strong>quin</strong></span> <span class='ocrx_word' id='word_1_11' title='bbox 574 651 744 712; x_wconf 85' lang='lat' dir='ltr'><strong>accurata</strong></span> <span class='ocrx_word' id='word_1_12' title='bbox 765 637 885 710; x_wconf 73' lang='lat' dir='ltr'><strong>ditarit.</strong></span> <span class='ocrx_word' id='word_1_13' title='bbox 927 635 1168 711; x_wconf 76' lang='lat' dir='ltr'><strong>Nihilominus</strong></span> 
     </span>
     <span class='ocr_line' id='line_1_4' title="bbox 140 735 1167 834; baseline 0.001 -25"><span class='ocrx_word' id='word_1_14' title='bbox 140 751 264 811; x_wconf 86' lang='lat' dir='ltr'><strong>tamen</strong></span> <span class='ocrx_word' id='word_1_15' title='bbox 286 763 359 813; x_wconf 90' lang='lat' dir='ltr'><strong>non</strong></span> <span class='ocrx_word' id='word_1_16' title='bbox 386 754 439 812; x_wconf 87' lang='lat' dir='ltr'><strong>est</strong></span> <span class='ocrx_word' id='word_1_17' title='bbox 460 737 657 834; x_wconf 81' lang='lat' dir='ltr'><strong>probabile,</strong></span> <span class='ocrx_word' id='word_1_18' title='bbox 684 737 923 812; x_wconf 75' lang='lat' dir='ltr'><strong>mutationem</strong></span> <span class='ocrx_word' id='word_1_19' title='bbox 946 735 1057 810; x_wconf 90' lang='lat' dir='ltr'><strong>nimis</strong></span> <span class='ocrx_word' id='word_1_20' title='bbox 1079 738 1167 810; x_wconf 88' lang='lat' dir='ltr'><strong>diffi-</strong></span> 
     </span>
     <span class='ocr_line' id='line_1_5' title="bbox 140 837 1168 938; baseline 0.001 -29"><span class='ocrx_word' id='word_1_21' title='bbox 140 837 252 912; x_wconf 81' lang='lat' dir='ltr'><strong>cidem</strong></span> <span class='ocrx_word' id='word_1_22' title='bbox 279 840 391 914; x_wconf 83' lang='lat' dir='ltr'><strong>firisse</strong></span> <span class='ocrx_word' id='word_1_23' title='bbox 423 840 533 914; x_wconf 78' lang='lat' dir='ltr'><strong>fastu.</strong></span> <span class='ocrx_word' id='word_1_24' title='bbox 585 838 697 938; x_wconf 79' lang='lat' dir='ltr'><strong>Regio</strong></span> <span class='ocrx_word' id='word_1_25' title='bbox 729 853 810 910; x_wconf 82' lang='lat' dir='ltr'><strong>urm</strong></span> <span class='ocrx_word' id='word_1_26' title='bbox 825 837 963 913; x_wconf 72' lang='lat' dir='ltr'><strong>uicina</strong></span> <span class='ocrx_word' id='word_1_27' title='bbox 994 851 1079 911; x_wconf 86' lang='lat' dir='ltr'><strong>tum·</strong></span> <span class='ocrx_word' id='word_1_28' title='bbox 1110 861 1168 910; x_wconf 84' lang='lat' dir='ltr'><strong>ro-¹</strong></span> 
     </span>
     <span class='ocr_line' id='line_1_6' title="bbox 141 937 1170 1038; baseline 0.003 -28"><span class='ocrx_word' id='word_1_29' title='bbox 141 955 242 1015; x_wconf 89' lang='lat' dir='ltr'><strong>mota</strong></span> <span class='ocrx_word' id='word_1_30' title='bbox 249 995 261 1032; x_wconf 87' lang='lat'>,</span> <span class='ocrx_word' id='word_1_31' title='bbox 275 940 459 1036; x_wconf 84' lang='lat' dir='ltr'><strong>&#39;quatenus</strong></span> <span class='ocrx_word' id='word_1_32' title='bbox 484 937 628 1038; x_wconf 89' lang='lat' dir='ltr'><strong>quidem</strong></span> <span class='ocrx_word' id='word_1_33' title='bbox 656 938 770 1012; x_wconf 74' lang='lat' dir='ltr'><strong>onidis</strong></span> <span class='ocrx_word' id='word_1_34' title='bbox 784 937 1047 1030; x_wconf 85' lang='lat' dir='ltr'><strong>exhibebatur,</strong></span> <span class='ocrx_word' id='word_1_35' title='bbox 1068 939 1170 1014; x_wconf 86' lang='lat' dir='ltr'><strong>&#39;notis</strong></span> 
     </span>
     <span class='ocr_line' id='line_1_7' title="bbox 138 1037 1166 1134; baseline 0.001 -22"><span class='ocrx_word' id='word_1_36' title='bbox 138 1041 470 1116; x_wconf 75' lang='lat' dir='ltr'><strong>machinationibus</strong></span> <span class='ocrx_word' id='word_1_37' title='bbox 506 1038 674 1116; x_wconf 83' lang='lat' dir='ltr'><strong>adhibitis</strong></span> <span class='ocrx_word' id='word_1_38' title='bbox 713 1039 823 1113; x_wconf 79' lang='lat' dir='ltr'><strong>facile</strong></span> <span class='ocrx_word' id='word_1_39' title='bbox 862 1037 1000 1113; x_wconf 84' lang='lat' dir='ltr'><strong>mutari</strong></span> <span class='ocrx_word' id='word_1_40' title='bbox 1040 1039 1166 1134; x_wconf 76' lang='lat' dir='ltr'><strong>potuit.</strong></span> 
     </span>
     <span class='ocr_line' id='line_1_8' title="bbox 136 1133 1168 1242; baseline 0 -28"><span class='ocrx_word' id='word_1_41' title='bbox 136 1140 312 1216; x_wconf 82' lang='lat' dir='ltr'><strong>Ceterum</strong></span> <span class='ocrx_word' id='word_1_42' title='bbox 338 1143 450 1234; x_wconf 81' lang='lat' dir='ltr'><strong>etiam</strong></span> <span class='ocrx_word' id='word_1_43' title='bbox 475 1141 538 1236; x_wconf 85' lang='lat' dir='ltr'><strong>hio</strong></span> <span class='ocrx_word' id='word_1_44' title='bbox 563 1155 616 1215; x_wconf 86' lang='lat' dir='ltr'><strong>est</strong></span> <span class='ocrx_word' id='word_1_45' title='bbox 647 1141 686 1213; x_wconf 89' lang='lat' dir='ltr'><strong>in</strong></span> <span class='ocrx_word' id='word_1_46' title='bbox 711 1133 820 1240; x_wconf 79' lang='lat' dir='ltr'><strong>so&#39;ena</strong></span> <span class='ocrx_word' id='word_1_47' title='bbox 848 1139 1045 1242; x_wconf 81' lang='lat' dir='ltr'><strong>templum,</strong></span> <span class='ocrx_word' id='word_1_48' title='bbox 1086 1155 1168 1214; x_wconf 89' lang='lat' dir='ltr'><strong>ante</strong></span> 
     </span>
     <span class='ocr_line' id='line_1_9' title="bbox 135 1239 1168 1340; baseline 0.001 -25"><span class='ocrx_word' id='word_1_49' title='bbox 135 1267 288 1318; x_wconf 83' lang='lat' dir='ltr'><strong>scenam·</strong></span> <span class='ocrx_word' id='word_1_50' title='bbox 315 1244 535 1318; x_wconf 87' lang='lat' dir='ltr'><strong>vestibulum</strong></span> <span class='ocrx_word' id='word_1_51' title='bbox 559 1243 704 1339; x_wconf 87' lang='lat' dir='ltr'><strong>templi,</strong></span> <span class='ocrx_word' id='word_1_52' title='bbox 746 1255 788 1314; x_wconf 84' lang='lat' dir='ltr'><strong>ut</strong></span> <span class='ocrx_word' id='word_1_53' title='bbox 814 1240 1000 1340; x_wconf 84' lang='lat' dir='ltr'><strong>inpriore</strong></span> <span class='ocrx_word' id='word_1_54' title='bbox 1025 1239 1168 1316; x_wconf 79' lang='lat' dir='ltr'><strong>subulae</strong></span> 
     </span>
    </p>
   </div>
   <div class='ocr_carea' id='block_1_3' title="bbox 150 1466 1275 4164">
    <p class='ocr_par' dir='ltr' id='par_1_3' title="bbox 238 1466 1167 1608">
     <span class='ocr_line' id='line_1_10' title="bbox 239 1466 1167 1540; baseline 0.009 -22"><span class='ocrx_word' id='word_1_55' title='bbox 239 1467 305 1536; x_wconf 68' lang='grc'><strong>868,</strong></span> <span class='ocrx_word' id='word_1_56' title='bbox 332 1466 426 1520; x_wconf 87' lang='lat' dir='ltr'><strong>adnot.</strong></span> <span class='ocrx_word' id='word_1_57' title='bbox 444 1469 477 1531; x_wconf 83' lang='lat' dir='ltr'><strong>d,</strong></span> <span class='ocrx_word' id='word_1_58' title='bbox 507 1469 578 1523; x_wconf 83' lang='lat' dir='ltr'><strong>haee</strong></span> <span class='ocrx_word' id='word_1_59' title='bbox 596 1471 682 1524; x_wconf 83' lang='lat' dir='ltr'><strong>habet</strong></span> <span class='ocrx_word' id='word_1_60' title='bbox 699 1469 819 1540; x_wconf 82' lang='lat' dir='ltr'><strong>scripta:</strong></span> <span class='ocrx_word' id='word_1_61' title='bbox 856 1467 932 1525; x_wconf 77' lang='lat' dir='ltr'><strong>»Dae</strong></span> <span class='ocrx_word' id='word_1_62' title='bbox 949 1473 1008 1526; x_wconf 87' lang='lat' dir='ltr'><strong>ahe</strong></span> <span class='ocrx_word' id='word_1_63' title='bbox 1026 1467 1167 1526; x_wconf 81' lang='lat' dir='ltr'><strong>Holabild</strong></span> 
     </span>
     <span class='ocr_line' id='line_1_11' title="bbox 238 1535 1166 1608; baseline 0.013 -21"><span class='ocrx_word' id='word_1_64' title='bbox 238 1537 293 1587; x_wconf 86' lang='lat' dir='ltr'><strong>der</strong></span> <span class='ocrx_word' id='word_1_65' title='bbox 308 1536 343 1589; x_wconf 82' lang='grc' dir='ltr'><strong>Α.</strong></span> <span class='ocrx_word' id='word_1_66' title='bbox 361 1535 463 1588; x_wconf 81' lang='lat' dir='ltr'><strong>Polias</strong></span> <span class='ocrx_word' id='word_1_67' title='bbox 479 1535 583 1604; x_wconf 73' lang='lat' dir='ltr'><strong>raigeri</strong></span> <span class='ocrx_word' id='word_1_68' title='bbox 598 1538 646 1593; x_wconf 80' lang='lat' dir='ltr'><strong>dia</strong></span> <span class='ocrx_word' id='word_1_69' title='bbox 662 1536 684 1602; x_wconf 72' lang='lat' dir='ltr'><strong>d.</strong></span> <span class='ocrx_word' id='word_1_70' title='bbox 701 1539 744 1594; x_wconf 74' lang='grc'><strong>96.</strong></span> <span class='ocrx_word' id='word_1_71' title='bbox 761 1539 816 1598; x_wconf 74' lang='grc' dir='ltr'><em>Μ</em></span> <span class='ocrx_word' id='word_1_72' title='bbox 823 1540 875 1595; x_wconf 67' lang='lat' dir='ltr'><strong>dd.</strong></span> <span class='ocrx_word' id='word_1_73' title='bbox 892 1553 1047 1608; x_wconf 81' lang='lat' dir='ltr'><strong>genannteu</strong></span> <span class='ocrx_word' id='word_1_74' title='bbox 1064 1542 1166 1598; x_wconf 73' lang='lat' dir='ltr'><strong>Deuk-</strong></span> 
     </span>
    </p>

    <p class='ocr_par' dir='ltr' id='par_1_4' title="bbox 166 1603 1166 1677">
     <span class='ocr_line' id='line_1_12' title="bbox 166 1603 1166 1677; baseline 0.008 -22"><span class='ocrx_word' id='word_1_75' title='bbox 166 1607 170 1614; x_wconf 88' lang='lat'>&#39;</span> <span class='ocrx_word' id='word_1_76' title='bbox 228 1603 330 1656; x_wconf 71' lang='lat' dir='ltr'><strong>›miler</strong></span> <span class='ocrx_word' id='word_1_77' title='bbox 354 1603 398 1656; x_wconf 83' lang='lat' dir='ltr'><strong>ais</strong></span> <span class='ocrx_word' id='word_1_78' title='bbox 422 1603 487 1660; x_wconf 88' lang='lat' dir='ltr'><strong>eine</strong></span> <span class='ocrx_word' id='word_1_79' title='bbox 512 1604 596 1676; x_wconf 85' lang='lat' dir='ltr'><strong>ruhig</strong></span> <span class='ocrx_word' id='word_1_80' title='bbox 621 1609 758 1664; x_wconf 84' lang='lat' dir='ltr'><strong>stehende</strong></span> <span class='ocrx_word' id='word_1_81' title='bbox 780 1607 933 1676; x_wconf 80' lang='lat' dir='ltr'><strong>Figat-im</strong></span> <span class='ocrx_word' id='word_1_82' title='bbox 957 1609 1095 1677; x_wconf 52' lang='lat' dir='ltr'><strong>Paploss</strong></span> <span class='ocrx_word' id='word_1_83' title='bbox 1116 1609 1166 1663; x_wconf 89' lang='lat' dir='ltr'><strong>die</strong></span> 
     </span>
    </p>

    <p class='ocr_par' dir='ltr' id='par_1_5' title="bbox 195 1671 1248 2368">
     <span class='ocr_line' id='line_1_13' title="bbox 195 1671 1166 1742; baseline 0.008 -20"><span class='ocrx_word' id='word_1_84' title='bbox 195 1687 201 1696; x_wconf 85' lang='grc'>·</span> <span class='ocrx_word' id='word_1_85' title='bbox 240 1671 337 1723; x_wconf 84' lang='lat' dir='ltr'><strong>Lenze</strong></span> <span class='ocrx_word' id='word_1_86' title='bbox 354 1671 397 1724; x_wconf 83' lang='lat' dir='ltr'><strong>als</strong></span> <span class='ocrx_word' id='word_1_87' title='bbox 415 1671 560 1742; x_wconf 84' lang='lat' dir='ltr'><strong>Skeptrou</strong></span> <span class='ocrx_word' id='word_1_88' title='bbox 586 1675 614 1728; x_wconf 85' lang='lat' dir='ltr'><strong>in</strong></span> <span class='ocrx_word' id='word_1_89' title='bbox 639 1677 691 1729; x_wconf 85' lang='lat' dir='ltr'><strong>der</strong></span> <span class='ocrx_word' id='word_1_90' title='bbox 707 1677 743 1730; x_wconf 88' lang='lat' dir='ltr'><strong>R.</strong></span> <span class='ocrx_word' id='word_1_91' title='bbox 761 1676 886 1731; x_wconf 85' lang='lat' dir='ltr'><strong>haiteud&#39;.</strong></span> <span class='ocrx_word' id='word_1_92' title='bbox 931 1678 976 1730; x_wconf 90' lang='lat' dir='ltr'><strong>Ob</strong></span> <span class='ocrx_word' id='word_1_93' title='bbox 994 1685 1047 1730; x_wconf 89' lang='lat' dir='ltr'><strong>deu</strong></span> <span class='ocrx_word' id='word_1_94' title='bbox 1065 1677 1166 1731; x_wconf 86' lang='lat' dir='ltr'><strong>Schiid</strong></span> 
     </span>
     <span class='ocr_line' id='line_1_14' title="bbox 240 1740 1168 1812; baseline 0.009 -18"><span class='ocrx_word' id='word_1_95' title='bbox 240 1740 588 1810; x_wconf 62' lang='lat' dir='ltr'><strong>superintendentem</strong></span> <span class='ocrx_word' id='word_1_96' title='bbox 603 1747 674 1800; x_wconf 81' lang='lat' dir='ltr'><strong>nauh</strong></span> <span class='ocrx_word' id='word_1_97' title='bbox 686 1746 802 1802; x_wconf 82' lang='lat' dir='ltr'><strong>Wiack.</strong></span> <span class='ocrx_word' id='word_1_98' title='bbox 817 1746 857 1801; x_wconf 84' lang='lat' dir='ltr'><strong>td.</strong></span> <span class='ocrx_word' id='word_1_99' title='bbox 873 1745 898 1800; x_wconf 87' lang='lat'><strong>1.</strong></span> <span class='ocrx_word' id='word_1_100' title='bbox 909 1748 967 1800; x_wconf 83' lang='lat' dir='ltr'><strong>tao.</strong></span> <span class='ocrx_word' id='word_1_101' title='bbox 985 1747 1108 1812; x_wconf 69' lang='lat' dir='ltr'><strong>scient,</strong></span> <span class='ocrx_word' id='word_1_102' title='bbox 1126 1747 1168 1802; x_wconf 82' lang='lat' dir='ltr'><strong>iat</strong></span> 
     </span>
     <span class='ocr_line' id='line_1_15' title="bbox 238 1810 1165 1882; baseline 0.01 -21"><span class='ocrx_word' id='word_1_103' title='bbox 238 1810 312 1862; x_wconf 81' lang='lat' dir='ltr'><strong>nach</strong></span> <span class='ocrx_word' id='word_1_104' title='bbox 330 1811 381 1862; x_wconf 90' lang='lat' dir='ltr'><strong>der</strong></span> <span class='ocrx_word' id='word_1_105' title='bbox 393 1810 519 1876; x_wconf 75' lang='lat' dir='ltr'><strong>dissime,</strong></span> <span class='ocrx_word' id='word_1_106' title='bbox 538 1813 578 1868; x_wconf 79' lang='lat' dir='ltr'><strong>dt.</strong></span> <span class='ocrx_word' id='word_1_107' title='bbox 592 1815 694 1868; x_wconf 85' lang='lat' dir='ltr'><strong>Odesc.</strong></span> <span class='ocrx_word' id='word_1_108' title='bbox 706 1817 762 1879; x_wconf 78' lang='lat' dir='ltr'><strong>tu,</strong></span> <span class='ocrx_word' id='word_1_109' title='bbox 779 1814 985 1870; x_wconf 72' lang='lat' dir='ltr'><strong>aweitetnett«</strong></span> <span class='ocrx_word' id='word_1_110' title='bbox 1014 1814 1072 1870; x_wconf 85' lang='lat' dir='ltr'><strong>Sed</strong></span> <span class='ocrx_word' id='word_1_111' title='bbox 1086 1815 1165 1882; x_wconf 86' lang='lat' dir='ltr'><strong>quod</strong></span> 
     </span>
     <span class='ocr_line' id='line_1_16' title="bbox 238 1878 1164 1953; baseline 0.009 -23"><span class='ocrx_word' id='word_1_112' title='bbox 238 1878 275 1930; x_wconf 86' lang='lat' dir='ltr'><strong>ad</strong></span> <span class='ocrx_word' id='word_1_113' title='bbox 292 1889 433 1946; x_wconf 86' lang='lat' dir='ltr'><strong>postrema</strong></span> <span class='ocrx_word' id='word_1_114' title='bbox 452 1882 521 1934; x_wconf 88' lang='lat' dir='ltr'><strong>haec</strong></span> <span class='ocrx_word' id='word_1_115' title='bbox 539 1883 623 1935; x_wconf 84' lang='lat' dir='ltr'><strong>verba</strong></span> <span class='ocrx_word' id='word_1_116' title='bbox 642 1899 702 1935; x_wconf 89' lang='lat' dir='ltr'><strong>com</strong></span> <span class='ocrx_word' id='word_1_117' title='bbox 718 1883 899 1937; x_wconf 80' lang='lat' dir='ltr'><strong>dubitatione</strong></span> <span class='ocrx_word' id='word_1_118' title='bbox 917 1885 1034 1953; x_wconf 78' lang='lat' dir='ltr'><strong>&#39;prolata</strong></span> <span class='ocrx_word' id='word_1_119' title='bbox 1052 1883 1164 1951; x_wconf 81' lang='lat' dir='ltr'><strong>attinet,</strong></span> 
     </span>
     <span class='ocr_line' id='line_1_17' title="bbox 229 1946 1247 2017; baseline 0.007 -17"><span class='ocrx_word' id='word_1_120' title='bbox 229 1946 407 2017; x_wconf 68' lang='lat' dir='ltr'><strong>Euripides,</strong></span> <span class='ocrx_word' id='word_1_121' title='bbox 425 1952 505 2016; x_wconf 74' lang='lat' dir='ltr'><strong>cujus</strong></span> <span class='ocrx_word' id='word_1_122' title='bbox 518 1951 674 2005; x_wconf 78' lang='lat' dir='ltr'><strong>auotoritas</strong></span> <span class='ocrx_word' id='word_1_123' title='bbox 688 1953 819 2006; x_wconf 78' lang='lat' dir='ltr'><strong>omnibus</strong></span> <span class='ocrx_word' id='word_1_124' title='bbox 835 1952 900 2006; x_wconf 79' lang='lat' dir='ltr'><strong>istis</strong></span> <span class='ocrx_word' id='word_1_125' title='bbox 915 1952 985 2006; x_wconf 84' lang='lat' dir='ltr'><strong>artis</strong></span> <span class='ocrx_word' id='word_1_126' title='bbox 1000 1965 1165 2008; x_wconf 73' lang='lat' dir='ltr'><strong>manumett-</strong></span> <span class='ocrx_word' id='word_1_127' title='bbox 1243 1993 1247 2000; x_wconf 82' lang='grc'><em>.</em></span> 
     </span>
     <span class='ocr_line' id='line_1_18' title="bbox 236 2017 1248 2100; baseline 0.009 -30"><span class='ocrx_word' id='word_1_128' title='bbox 236 2017 275 2070; x_wconf 86' lang='lat' dir='ltr'><strong>tis</strong></span> <span class='ocrx_word' id='word_1_129' title='bbox 289 2017 373 2084; x_wconf 84' lang='lat' dir='ltr'><strong>louge</strong></span> <span class='ocrx_word' id='word_1_130' title='bbox 385 2020 503 2100; x_wconf 81' lang='lat' dir='ltr'><strong>gravior</strong></span> <span class='ocrx_word' id='word_1_131' title='bbox 515 2032 569 2086; x_wconf 87' lang='lat' dir='ltr'><strong>est,</strong></span> <span class='ocrx_word' id='word_1_132' title='bbox 587 2021 748 2078; x_wconf 79' lang='lat' dir='ltr'><strong>luculenter</strong></span> <span class='ocrx_word' id='word_1_133' title='bbox 762 2022 854 2086; x_wconf 82' lang='lat' dir='ltr'><strong>docet,</strong></span> <span class='ocrx_word' id='word_1_134' title='bbox 872 2019 1163 2086; x_wconf 74' lang='lat' dir='ltr'><strong>MinervaePoiiadis</strong></span> <span class='ocrx_word' id='word_1_135' title='bbox 1246 2083 1248 2092; x_wconf 33' lang='lat'><strong><em>¹</em></strong></span> 
     </span>
     <span class='ocr_line' id='line_1_19' title="bbox 229 2085 1165 2230; baseline 0.006 -24"><span class='ocrx_word' id='word_1_136' title='bbox 229 2085 349 2207; x_wconf 71' lang='lat' dir='ltr'><strong>trus</strong></span> <span class='ocrx_word' id='word_1_137' title='bbox 367 2088 501 2211; x_wconf 68' lang='lat' dir='ltr'><strong>tatus</strong></span> <span class='ocrx_word' id='word_1_138' title='bbox 521 2089 1165 2230; x_wconf 57' lang='lat' dir='ltr'><strong>‘tressasternutae-„sust</strong></span> 
     </span>
     <span class='ocr_line' id='line_1_20' title="bbox 236 2193 1165 2298; baseline 0.006 -20"><span class='ocrx_word' id='word_1_139' title='bbox 236 2224 348 2280; x_wconf 82' lang='lat' dir='ltr'><strong>verbis:</strong></span> <span class='ocrx_word' id='word_1_140' title='bbox 379 2193 521 2285; x_wconf 63' lang='lat' dir='ltr'><strong>Hadiddeb</strong></span> <span class='ocrx_word' id='word_1_141' title='bbox 537 2226 635 2296; x_wconf 67' lang='lat' dir='ltr'><strong>sepedo</strong></span> <span class='ocrx_word' id='word_1_142' title='bbox 650 2233 748 2298; x_wconf 67' lang='grc' dir='ltr'><strong>βρέτας</strong></span> <span class='ocrx_word' id='word_1_143' title='bbox 764 2228 943 2297; x_wconf 66' lang='grc' dir='ltr'><strong>πρόπτυξον,</strong></span> <span class='ocrx_word' id='word_1_144' title='bbox 955 2197 1031 2298; x_wconf 65' lang='lat' dir='ltr'><strong>bueo</strong></span> <span class='ocrx_word' id='word_1_145' title='bbox 1049 2229 1165 2284; x_wconf 83' lang='lat' dir='ltr'><strong>nonnisi</strong></span> 
     </span>
     <span class='ocr_line' id='line_1_21' title="bbox 201 2292 1164 2368; baseline 0.003 -23"><span class='ocrx_word' id='word_1_146' title='bbox 201 2295 205 2302; x_wconf 86' lang='grc'><strong>’</strong></span> <span class='ocrx_word' id='word_1_147' title='bbox 234 2292 271 2346; x_wconf 90' lang='lat' dir='ltr'><strong>de</strong></span> <span class='ocrx_word' id='word_1_148' title='bbox 290 2293 344 2352; x_wconf 90' lang='lat' dir='ltr'><strong>illo</strong></span> <span class='ocrx_word' id='word_1_149' title='bbox 367 2295 521 2349; x_wconf 86' lang='lat' dir='ltr'><strong>simulacro</strong></span> <span class='ocrx_word' id='word_1_150' title='bbox 543 2295 732 2364; x_wconf 86' lang='lat' dir='ltr'><strong>intelligenda</strong></span> <span class='ocrx_word' id='word_1_151' title='bbox 756 2307 837 2365; x_wconf 89' lang='lat' dir='ltr'><strong>suut,</strong></span> <span class='ocrx_word' id='word_1_152' title='bbox 867 2293 911 2351; x_wconf 87' lang='lat' dir='ltr'><strong>sic</strong></span> <span class='ocrx_word' id='word_1_153' title='bbox 935 2299 1045 2368; x_wconf 87' lang='lat' dir='ltr'><strong>pergit:</strong></span> <span class='ocrx_word' id='word_1_154' title='bbox 1080 2297 1164 2364; x_wconf 71' lang='grc' dir='ltr'><em>εἵρξει</em></span> 
     </span>
    </p>

    <p class='ocr_par' dir='ltr' id='par_1_6' title="bbox 232 2359 1164 2576">
     <span class='ocr_line' id='line_1_22' title="bbox 232 2359 1164 2448; baseline 0.006 -34"><span class='ocrx_word' id='word_1_155' title='bbox 232 2359 285 2431; x_wconf 73' lang='lat' dir='ltr'><strong>reip</strong></span> <span class='ocrx_word' id='word_1_156' title='bbox 301 2381 343 2414; x_wconf 78' lang='grc' dir='ltr'><strong>νιν</strong></span> <span class='ocrx_word' id='word_1_157' title='bbox 359 2361 532 2448; x_wconf 65' lang='lat' dir='ltr'><strong>&#39;imoppdvus</strong></span> <span class='ocrx_word' id='word_1_158' title='bbox 548 2363 646 2419; x_wconf 64' lang='lat' dir='ltr'><strong>dismas</strong></span> <span class='ocrx_word' id='word_1_159' title='bbox 666 2363 823 2432; x_wconf 66' lang='lat' dir='ltr'><strong>derisionem,</strong></span> <span class='ocrx_word' id='word_1_160' title='bbox 853 2361 920 2419; x_wconf 73' lang='lat' dir='ltr'><strong>aives</strong></span> <span class='ocrx_word' id='word_1_161' title='bbox 942 2364 982 2435; x_wconf 66' lang='grc' dir='ltr'><em>μή</em></span> <span class='ocrx_word' id='word_1_162' title='bbox 1003 2363 1103 2436; x_wconf 72' lang='lat' dir='ltr'><strong>puden</strong></span> <span class='ocrx_word' id='word_1_163' title='bbox 1119 2370 1164 2420; x_wconf 58' lang='lat'><strong>⁰5⁴</strong></span> 
     </span>
     <span class='ocr_line' id='line_1_23' title="bbox 233 2429 1163 2556; baseline 0.003 -71"><span class='ocrx_word' id='word_1_164' title='bbox 233 2433 301 2497; x_wconf 66' lang='lat' dir='ltr'><strong>«fier,</strong></span> <span class='ocrx_word' id='word_1_165' title='bbox 333 2430 442 2502; x_wconf 58' lang='lat' dir='ltr'><strong>ysayae</strong></span> <span class='ocrx_word' id='word_1_166' title='bbox 472 2429 658 2502; x_wconf 59' lang='lat' dir='ltr'><strong>tutoremve</strong></span> <span class='ocrx_word' id='word_1_167' title='bbox 673 2455 721 2490; x_wconf 79' lang='lat' dir='ltr'><strong>oen</strong></span> <span class='ocrx_word' id='word_1_168' title='bbox 738 2434 809 2503; x_wconf 69' lang='lat' dir='ltr'><strong>adep</strong></span> <span class='ocrx_word' id='word_1_169' title='bbox 824 2430 936 2502; x_wconf 61' lang='lat' dir='ltr'><strong>etsta,</strong></span> <span class='ocrx_word' id='word_1_170' title='bbox 954 2464 986 2476; x_wconf 90' lang='lat'>-</span> <span class='ocrx_word' id='word_1_171' title='bbox 1018 2451 1163 2556; x_wconf 69' lang='lat' dir='ltr'><strong>quae.lpo-·</strong></span> 
     </span>
     <span class='ocr_line' id='line_1_24' title="bbox 232 2501 1161 2576; baseline 0.003 -22"><span class='ocrx_word' id='word_1_172' title='bbox 232 2512 337 2555; x_wconf 86' lang='lat' dir='ltr'><strong>strema</strong></span> <span class='ocrx_word' id='word_1_173' title='bbox 359 2503 446 2555; x_wconf 83' lang='lat' dir='ltr'><strong>verba</strong></span> <span class='ocrx_word' id='word_1_174' title='bbox 471 2505 600 2574; x_wconf 81' lang='lat' dir='ltr'><strong>proiecto</strong></span> <span class='ocrx_word' id='word_1_175' title='bbox 618 2521 673 2558; x_wconf 88' lang='lat' dir='ltr'><strong>non</strong></span> <span class='ocrx_word' id='word_1_176' title='bbox 698 2515 811 2576; x_wconf 88' lang='lat' dir='ltr'><strong>poterat</strong></span> <span class='ocrx_word' id='word_1_177' title='bbox 829 2502 975 2570; x_wconf 87' lang='lat' dir='ltr'><strong>scribere,</strong></span> <span class='ocrx_word' id='word_1_178' title='bbox 1010 2501 1096 2556; x_wconf 82' lang='lat' dir='ltr'><strong>ursii</strong></span> <span class='ocrx_word' id='word_1_179' title='bbox 1124 2504 1161 2557; x_wconf 82' lang='lat' dir='ltr'><strong>nd</strong></span> 
     </span>
    </p>

    <p class='ocr_par' dir='ltr' id='par_1_7' title="bbox 150 2571 1275 4164">
     <span class='ocr_line' id='line_1_25' title="bbox 150 2571 1162 2640; baseline 0.003 -18"><span class='ocrx_word' id='word_1_180' title='bbox 150 2591 154 2600; x_wconf 93' lang='lat'>·</span> <span class='ocrx_word' id='word_1_181' title='bbox 231 2587 300 2624; x_wconf 82' lang='lat' dir='ltr'><strong>vere</strong></span> <span class='ocrx_word' id='word_1_182' title='bbox 324 2571 456 2640; x_wconf 80' lang='lat' dir='ltr'><strong>elypeum</strong></span> <span class='ocrx_word' id='word_1_183' title='bbox 484 2572 513 2626; x_wconf 88' lang='lat' dir='ltr'><strong>in</strong></span> <span class='ocrx_word' id='word_1_184' title='bbox 538 2573 662 2627; x_wconf 86' lang='lat' dir='ltr'><strong>sublime</strong></span> <span class='ocrx_word' id='word_1_185' title='bbox 685 2573 805 2628; x_wconf 77' lang='lat' dir='ltr'><strong>levatum</strong></span> <span class='ocrx_word' id='word_1_186' title='bbox 829 2573 958 2626; x_wconf 82' lang='lat' dir='ltr'><strong>habebat.</strong></span> <span class='ocrx_word' id='word_1_187' title='bbox 1011 2571 1069 2625; x_wconf 86' lang='lat' dir='ltr'><strong>Hie</strong></span> <span class='ocrx_word' id='word_1_188' title='bbox 1093 2588 1162 2626; x_wconf 82' lang='lat' dir='ltr'><strong>vero</strong></span> 
     </span>
     <span class='ocr_line' id='line_1_26' title="bbox 233 2637 1163 2713; baseline 0.001 -21"><span class='ocrx_word' id='word_1_189' title='bbox 233 2640 308 2694; x_wconf 86' lang='lat' dir='ltr'><strong>idem</strong></span> <span class='ocrx_word' id='word_1_190' title='bbox 332 2637 413 2694; x_wconf 78' lang='lat' dir='ltr'><strong>loeus</strong></span> <span class='ocrx_word' id='word_1_191' title='bbox 430 2640 581 2713; x_wconf 79' lang='lat' dir='ltr'><strong>Euripidis</strong></span> <span class='ocrx_word' id='word_1_192' title='bbox 605 2643 716 2712; x_wconf 82' lang='lat' dir='ltr'><strong>pianum</strong></span> <span class='ocrx_word' id='word_1_193' title='bbox 735 2643 845 2706; x_wconf 82' lang='lat' dir='ltr'><strong>reddit,</strong></span> <span class='ocrx_word' id='word_1_194' title='bbox 877 2653 1013 2709; x_wconf 78' lang='lat' dir='ltr'><strong>quatenus</strong></span> <span class='ocrx_word' id='word_1_195' title='bbox 1031 2641 1163 2708; x_wconf 80' lang='lat' dir='ltr'><strong>Orestes,</strong></span> 
     </span>
     <span class='ocr_line' id='line_1_27' title="bbox 232 2707 1161 2781; baseline 0.001 -20"><span class='ocrx_word' id='word_1_196' title='bbox 232 2708 401 2778; x_wconf 88' lang='lat' dir='ltr'><strong>praesertim</strong></span> <span class='ocrx_word' id='word_1_197' title='bbox 426 2717 489 2777; x_wconf 76' lang='lat' dir='ltr'><strong>aspi</strong></span> <span class='ocrx_word' id='word_1_198' title='bbox 512 2715 605 2780; x_wconf 69' lang='grc' dir='ltr'><strong>βρέτει</strong></span> <span class='ocrx_word' id='word_1_199' title='bbox 627 2709 751 2779; x_wconf 57' lang='lat' dir='ltr'><strong>adseritis</strong></span> <span class='ocrx_word' id='word_1_200' title='bbox 774 2709 843 2765; x_wconf 74' lang='lat' dir='ltr'><strong>deris</strong></span> <span class='ocrx_word' id='word_1_201' title='bbox 859 2707 900 2776; x_wconf 61' lang='grc' dir='ltr'><strong>αἱ,</strong></span> <span class='ocrx_word' id='word_1_202' title='bbox 935 2709 1018 2764; x_wconf 87' lang='lat' dir='ltr'><strong>etiam</strong></span> <span class='ocrx_word' id='word_1_203' title='bbox 1042 2727 1096 2781; x_wconf 88' lang='lat' dir='ltr'><strong>per</strong></span> <span class='ocrx_word' id='word_1_204' title='bbox 1118 2710 1161 2763; x_wconf 88' lang='lat' dir='ltr'><strong>si-</strong></span> 
     </span>
     <span class='ocr_line' id='line_1_28' title="bbox 231 2775 1162 2851; baseline 0.003 -22"><span class='ocrx_word' id='word_1_205' title='bbox 231 2793 314 2846; x_wconf 86' lang='lat' dir='ltr'><strong>gnum</strong></span> <span class='ocrx_word' id='word_1_206' title='bbox 333 2775 480 2833; x_wconf 84' lang='lat' dir='ltr'><strong>Minervae</strong></span> <span class='ocrx_word' id='word_1_207' title='bbox 496 2780 591 2833; x_wconf 86' lang='lat' dir='ltr'><strong>oculis</strong></span> <span class='ocrx_word' id='word_1_208' title='bbox 604 2779 750 2834; x_wconf 83' lang='lat' dir='ltr'><strong>Furiarum</strong></span> <span class='ocrx_word' id='word_1_209' title='bbox 768 2779 894 2833; x_wconf 82' lang='lat' dir='ltr'><strong>subtrahi</strong></span> <span class='ocrx_word' id='word_1_210' title='bbox 913 2779 1055 2850; x_wconf 86' lang='lat' dir='ltr'><strong>potuerit,</strong></span> <span class='ocrx_word' id='word_1_211' title='bbox 1073 2780 1162 2851; x_wconf 87' lang='lat' dir='ltr'><strong>quip-</strong></span> 
     </span>
     <span class='ocr_line' id='line_1_29' title="bbox 232 2847 1163 2919; baseline 0.002 -19"><span class='ocrx_word' id='word_1_212' title='bbox 232 2863 271 2916; x_wconf 87' lang='lat' dir='ltr'><strong>pe</strong></span> <span class='ocrx_word' id='word_1_213' title='bbox 289 2850 370 2914; x_wconf 81' lang='lat' dir='ltr'><strong>cujus</strong></span> <span class='ocrx_word' id='word_1_214' title='bbox 388 2861 475 2919; x_wconf 84' lang='lat' dir='ltr'><strong>eaput</strong></span> <span class='ocrx_word' id='word_1_215' title='bbox 491 2850 606 2916; x_wconf 84' lang='lat' dir='ltr'><strong>saitem,</strong></span> <span class='ocrx_word' id='word_1_216' title='bbox 624 2851 653 2904; x_wconf 91' lang='lat' dir='ltr'><strong>b.</strong></span> <span class='ocrx_word' id='word_1_217' title='bbox 672 2867 699 2906; x_wconf 83' lang='lat' dir='ltr'><strong>a.</strong></span> <span class='ocrx_word' id='word_1_218' title='bbox 717 2866 751 2904; x_wconf 87' lang='lat' dir='ltr'><strong>ea</strong></span> <span class='ocrx_word' id='word_1_219' title='bbox 768 2848 901 2919; x_wconf 85' lang='lat' dir='ltr'><strong>eorporis</strong></span> <span class='ocrx_word' id='word_1_220' title='bbox 920 2864 1001 2919; x_wconf 85' lang='lat' dir='ltr'><strong>pars,</strong></span> <span class='ocrx_word' id='word_1_221' title='bbox 1026 2862 1114 2914; x_wconf 85' lang='lat' dir='ltr'><strong>quae,</strong></span> <span class='ocrx_word' id='word_1_222' title='bbox 1132 2847 1163 2904; x_wconf 84' lang='lat' dir='ltr'><strong>si</strong></span> 
     </span>
     <span class='ocr_line' id='line_1_30' title="bbox 234 2916 1275 2992; baseline 0.003 -25"><span class='ocrx_word' id='word_1_223' title='bbox 234 2916 329 2970; x_wconf 85' lang='lat' dir='ltr'><strong>oeulis</strong></span> <span class='ocrx_word' id='word_1_224' title='bbox 354 2929 448 2986; x_wconf 87' lang='lat' dir='ltr'><strong>patet,</strong></span> <span class='ocrx_word' id='word_1_225' title='bbox 482 2918 635 2992; x_wconf 86' lang='lat' dir='ltr'><strong>plurimum</strong></span> <span class='ocrx_word' id='word_1_226' title='bbox 660 2919 772 2973; x_wconf 83' lang='lat' dir='ltr'><strong>confert</strong></span> <span class='ocrx_word' id='word_1_227' title='bbox 792 2919 826 2974; x_wconf 85' lang='lat' dir='ltr'><strong>ad</strong></span> <span class='ocrx_word' id='word_1_228' title='bbox 851 2918 1072 2986; x_wconf 80' lang='lat' dir='ltr'><strong>agnoscendum,</strong></span> <span class='ocrx_word' id='word_1_229' title='bbox 1107 2933 1161 2990; x_wconf 89' lang='lat' dir='ltr'><strong>per</strong></span> <span class='ocrx_word' id='word_1_230' title='bbox 1203 2977 1206 2984; x_wconf 34' lang='lat'><strong><em>¹</em></strong></span> <span class='ocrx_word' id='word_1_231' title='bbox 1272 2922 1275 2929; x_wconf 95' lang='grc'><strong>’</strong></span> 
     </span>
     <span class='ocr_line' id='line_1_31' title="bbox 231 2983 1165 3056; baseline -0.001 -19"><span class='ocrx_word' id='word_1_232' title='bbox 231 2985 363 3055; x_wconf 86' lang='lat' dir='ltr'><strong>clypeum</strong></span> <span class='ocrx_word' id='word_1_233' title='bbox 386 2987 531 3056; x_wconf 82' lang='lat' dir='ltr'><strong>Gorgonis</strong></span> <span class='ocrx_word' id='word_1_234' title='bbox 559 3005 609 3042; x_wconf 89' lang='lat' dir='ltr'><strong>ore</strong></span> <span class='ocrx_word' id='word_1_235' title='bbox 636 2986 802 3056; x_wconf 85' lang='lat' dir='ltr'><strong>insignitum</strong></span> <span class='ocrx_word' id='word_1_236' title='bbox 829 2987 1023 3054; x_wconf 80' lang='lat' dir='ltr'><strong>obtegeretur.</strong></span> <span class='ocrx_word' id='word_1_237' title='bbox 1062 2983 1165 3039; x_wconf 51' lang='lat' dir='ltr'><strong>Denta.</strong></span> 
     </span>
     <span class='ocr_line' id='line_1_32' title="bbox 232 3055 1163 3128; baseline 0.003 -21"><span class='ocrx_word' id='word_1_238' title='bbox 232 3069 289 3122; x_wconf 88' lang='lat' dir='ltr'><strong>que</strong></span> <span class='ocrx_word' id='word_1_239' title='bbox 306 3071 377 3122; x_wconf 85' lang='lat' dir='ltr'><strong>ergo</strong></span> <span class='ocrx_word' id='word_1_240' title='bbox 394 3058 466 3110; x_wconf 84' lang='lat' dir='ltr'><strong>haec</strong></span> <span class='ocrx_word' id='word_1_241' title='bbox 484 3056 569 3110; x_wconf 81' lang='lat' dir='ltr'><strong>velim</strong></span> <span class='ocrx_word' id='word_1_242' title='bbox 587 3067 791 3128; x_wconf 78' lang='lat' dir='ltr'><strong>computentur.</strong></span> <span class='ocrx_word' id='word_1_243' title='bbox 826 3055 948 3121; x_wconf 80' lang='lat' dir='ltr'><strong>Furiae,</strong></span> <span class='ocrx_word' id='word_1_244' title='bbox 973 3063 1073 3125; x_wconf 85' lang='lat' dir='ltr'><strong>utpote</strong></span> <span class='ocrx_word' id='word_1_245' title='bbox 1091 3071 1163 3124; x_wconf 61' lang='lat' dir='ltr'><strong>pere:</strong></span> 
     </span>
     <span class='ocr_line' id='line_1_33' title="bbox 230 3125 1158 3207; baseline 0 -31"><span class='ocrx_word' id='word_1_246' title='bbox 230 3139 300 3192; x_wconf 87' lang='lat' dir='ltr'><strong>egre</strong></span> <span class='ocrx_word' id='word_1_247' title='bbox 325 3125 526 3190; x_wconf 84' lang='lat' dir='ltr'><strong>advenientes,</strong></span> <span class='ocrx_word' id='word_1_248' title='bbox 565 3141 582 3179; x_wconf 88' lang='lat' dir='ltr'><strong>a</strong></span> <span class='ocrx_word' id='word_1_249' title='bbox 614 3125 729 3180; x_wconf 85' lang='lat' dir='ltr'><strong>sinistra</strong></span> <span class='ocrx_word' id='word_1_250' title='bbox 759 3135 948 3207; x_wconf 88' lang='lat' dir='ltr'><strong>spectatorum</strong></span> <span class='ocrx_word' id='word_1_251' title='bbox 983 3125 1158 3178; x_wconf 81' lang='lat' dir='ltr'><strong>orchestram</strong></span> 
     </span>
     <span class='ocr_line' id='line_1_34' title="bbox 231 3191 1159 3264; baseline -0.001 -18"><span class='ocrx_word' id='word_1_252' title='bbox 231 3193 345 3247; x_wconf 85' lang='lat' dir='ltr'><strong>iuttant.</strong></span> <span class='ocrx_word' id='word_1_253' title='bbox 391 3194 509 3248; x_wconf 86' lang='lat' dir='ltr'><strong>Orestes</strong></span> <span class='ocrx_word' id='word_1_254' title='bbox 529 3209 546 3248; x_wconf 85' lang='lat' dir='ltr'><strong>a</strong></span> <span class='ocrx_word' id='word_1_255' title='bbox 563 3195 681 3250; x_wconf 86' lang='lat' dir='ltr'><strong>sinistra</strong></span> <span class='ocrx_word' id='word_1_256' title='bbox 705 3195 781 3264; x_wconf 81' lang='lat' dir='ltr'><strong>signs</strong></span> <span class='ocrx_word' id='word_1_257' title='bbox 799 3193 962 3259; x_wconf 81' lang='lat' dir='ltr'><strong>Minervae,</strong></span> <span class='ocrx_word' id='word_1_258' title='bbox 996 3206 1068 3260; x_wconf 86' lang='lat' dir='ltr'><strong>quae</strong></span> <span class='ocrx_word' id='word_1_259' title='bbox 1092 3191 1159 3260; x_wconf 84' lang='lat' dir='ltr'><strong>ely·</strong></span> 
     </span>
     <span class='ocr_line' id='line_1_35' title="bbox 229 3261 1158 3333; baseline -0.002 -18"><span class='ocrx_word' id='word_1_260' title='bbox 229 3277 313 3333; x_wconf 87' lang='lat' dir='ltr'><strong>peum</strong></span> <span class='ocrx_word' id='word_1_261' title='bbox 339 3264 368 3316; x_wconf 89' lang='lat' dir='ltr'><strong>in</strong></span> <span class='ocrx_word' id='word_1_262' title='bbox 392 3264 478 3318; x_wconf 85' lang='lat' dir='ltr'><strong>altum</strong></span> <span class='ocrx_word' id='word_1_263' title='bbox 502 3264 642 3318; x_wconf 82' lang='lat' dir='ltr'><strong>subletum</strong></span> <span class='ocrx_word' id='word_1_264' title='bbox 666 3266 794 3330; x_wconf 84' lang='lat' dir='ltr'><strong>tenebat,</strong></span> <span class='ocrx_word' id='word_1_265' title='bbox 829 3279 899 3332; x_wconf 86' lang='lat' dir='ltr'><strong>ergo</strong></span> <span class='ocrx_word' id='word_1_266' title='bbox 924 3261 954 3316; x_wconf 85' lang='lat' dir='ltr'><strong>in</strong></span> <span class='ocrx_word' id='word_1_267' title='bbox 974 3277 1010 3314; x_wconf 88' lang='lat' dir='ltr'><strong>eo</strong></span> <span class='ocrx_word' id='word_1_268' title='bbox 1027 3275 1094 3314; x_wconf 84' lang='lat' dir='ltr'><strong>arae</strong></span> <span class='ocrx_word' id='word_1_269' title='bbox 1112 3262 1158 3314; x_wconf 86' lang='lat' dir='ltr'><strong>ia-</strong></span> 
     </span>
     <span class='ocr_line' id='line_1_36' title="bbox 229 3330 1156 3404; baseline -0.002 -18"><span class='ocrx_word' id='word_1_270' title='bbox 229 3345 306 3398; x_wconf 86' lang='lat' dir='ltr'><strong>tere,</strong></span> <span class='ocrx_word' id='word_1_271' title='bbox 333 3335 407 3400; x_wconf 84' lang='lat' dir='ltr'><strong>quod</strong></span> <span class='ocrx_word' id='word_1_272' title='bbox 427 3333 635 3404; x_wconf 82' lang='lat' dir='ltr'><strong>spectatoribus</strong></span> <span class='ocrx_word' id='word_1_273' title='bbox 653 3333 689 3388; x_wconf 86' lang='lat' dir='ltr'><strong>ad</strong></span> <span class='ocrx_word' id='word_1_274' title='bbox 705 3334 833 3388; x_wconf 83' lang='lat' dir='ltr'><strong>dextram</strong></span> <span class='ocrx_word' id='word_1_275' title='bbox 852 3340 928 3398; x_wconf 88' lang='lat' dir='ltr'><strong>erat,</strong></span> <span class='ocrx_word' id='word_1_276' title='bbox 956 3330 1051 3384; x_wconf 86' lang='lat' dir='ltr'><strong>sedem</strong></span> <span class='ocrx_word' id='word_1_277' title='bbox 1068 3331 1156 3384; x_wconf 86' lang='lat' dir='ltr'><strong>hahe-</strong></span> 
     </span>
     <span class='ocr_line' id='line_1_37' title="bbox 228 3397 1156 3473; baseline -0.002 -20"><span class='ocrx_word' id='word_1_278' title='bbox 228 3401 283 3456; x_wconf 88' lang='lat' dir='ltr'><strong>bat.</strong></span> <span class='ocrx_word' id='word_1_279' title='bbox 318 3401 412 3470; x_wconf 83' lang='lat' dir='ltr'><strong>igitur</strong></span> <span class='ocrx_word' id='word_1_280' title='bbox 429 3399 577 3473; x_wconf 81' lang='lat' dir='ltr'><strong>supplex,&#39;</strong></span> <span class='ocrx_word' id='word_1_281' title='bbox 588 3402 728 3469; x_wconf 87' lang='lat' dir='ltr'><strong>siquidem</strong></span> <span class='ocrx_word' id='word_1_282' title='bbox 748 3404 818 3454; x_wconf 84' lang='lat' dir='ltr'><strong>haec</strong></span> <span class='ocrx_word' id='word_1_283' title='bbox 835 3417 884 3454; x_wconf 89' lang='lat' dir='ltr'><strong>ara</strong></span> <span class='ocrx_word' id='word_1_284' title='bbox 901 3416 955 3453; x_wconf 89' lang='lat' dir='ltr'><strong>non</strong></span> <span class='ocrx_word' id='word_1_285' title='bbox 974 3397 1008 3452; x_wconf 87' lang='lat' dir='ltr'><strong>ad</strong></span> <span class='ocrx_word' id='word_1_286' title='bbox 1026 3399 1156 3454; x_wconf 83' lang='lat' dir='ltr'><strong>dextram</strong></span> 
     </span>
     <span class='ocr_line' id='line_1_38' title="bbox 225 3466 1156 3541; baseline -0.002 -18"><span class='ocrx_word' id='word_1_287' title='bbox 225 3473 328 3536; x_wconf 78' lang='lat' dir='ltr'><strong>ianuae</strong></span> <span class='ocrx_word' id='word_1_288' title='bbox 343 3486 471 3541; x_wconf 85' lang='lat' dir='ltr'><strong>magnae,</strong></span> <span class='ocrx_word' id='word_1_289' title='bbox 488 3472 539 3525; x_wconf 82' lang='lat' dir='ltr'><strong>sed</strong></span> <span class='ocrx_word' id='word_1_290' title='bbox 557 3471 591 3523; x_wconf 86' lang='lat' dir='ltr'><strong>ad</strong></span> <span class='ocrx_word' id='word_1_291' title='bbox 610 3471 771 3535; x_wconf 75' lang='lat' dir='ltr'><strong>sinistram,</strong></span> <span class='ocrx_word' id='word_1_292' title='bbox 796 3469 889 3540; x_wconf 88' lang='lat' dir='ltr'><strong>posita</strong></span> <span class='ocrx_word' id='word_1_293' title='bbox 907 3477 969 3522; x_wconf 84' lang='lat' dir='ltr'><strong>erat</strong></span> <span class='ocrx_word' id='word_1_294' title='bbox 987 3466 1017 3521; x_wconf 86' lang='lat' dir='ltr'><strong>in</strong></span> <span class='ocrx_word' id='word_1_295' title='bbox 1036 3485 1156 3538; x_wconf 84' lang='lat' dir='ltr'><strong>prosce-</strong></span> 
     </span>
     <span class='ocr_line' id='line_1_39' title="bbox 226 3537 1164 3610; baseline -0.002 -18"><span class='ocrx_word' id='word_1_296' title='bbox 226 3540 291 3606; x_wconf 90' lang='lat' dir='ltr'><strong>nio,</strong></span> <span class='ocrx_word' id='word_1_297' title='bbox 322 3539 452 3596; x_wconf 80' lang='lat' dir='ltr'><strong>aFuriis</strong></span> <span class='ocrx_word' id='word_1_298' title='bbox 474 3556 529 3596; x_wconf 81' lang='lat' dir='ltr'><strong>uon</strong></span> <span class='ocrx_word' id='word_1_299' title='bbox 553 3540 648 3596; x_wconf 86' lang='lat' dir='ltr'><strong>statim</strong></span> <span class='ocrx_word' id='word_1_300' title='bbox 667 3543 736 3610; x_wconf 78' lang='lat' dir='ltr'><strong>&#39;post</strong></span> <span class='ocrx_word' id='word_1_301' title='bbox 755 3537 902 3594; x_wconf 81' lang='lat' dir='ltr'><strong>introitum</strong></span> <span class='ocrx_word' id='word_1_302' title='bbox 921 3537 1164 3603; x_wconf 69' lang='lat' dir='ltr'><strong>instetuemus,-</strong></span> 
     </span>
     <span class='ocr_line' id='line_1_40' title="bbox 226 3606 1157 3677; baseline -0.005 -14"><span class='ocrx_word' id='word_1_303' title='bbox 226 3624 281 3663; x_wconf 85' lang='lat' dir='ltr'><strong>ueo</strong></span> <span class='ocrx_word' id='word_1_304' title='bbox 299 3620 370 3676; x_wconf 89' lang='lat' dir='ltr'><strong>tum,</strong></span> <span class='ocrx_word' id='word_1_305' title='bbox 397 3626 480 3677; x_wconf 85' lang='lat' dir='ltr'><strong>quum</strong></span> <span class='ocrx_word' id='word_1_306' title='bbox 500 3608 528 3664; x_wconf 90' lang='lat' dir='ltr'><strong>iu</strong></span> <span class='ocrx_word' id='word_1_307' title='bbox 547 3607 639 3664; x_wconf 86' lang='lat' dir='ltr'><strong>media</strong></span> <span class='ocrx_word' id='word_1_308' title='bbox 656 3610 802 3663; x_wconf 85' lang='lat' dir='ltr'><strong>orchestra</strong></span> <span class='ocrx_word' id='word_1_309' title='bbox 819 3606 1085 3672; x_wconf 77' lang='lat' dir='ltr'><strong>versabantur‚·sed</strong></span> <span class='ocrx_word' id='word_1_310' title='bbox 1105 3606 1157 3659; x_wconf 88' lang='lat' dir='ltr'><strong>de-</strong></span> 
     </span>
     <span class='ocr_line' id='line_1_41' title="bbox 226 3675 1156 3750; baseline -0.002 -21"><span class='ocrx_word' id='word_1_311' title='bbox 226 3693 298 3731; x_wconf 87' lang='lat' dir='ltr'><strong>mum</strong></span> <span class='ocrx_word' id='word_1_312' title='bbox 324 3689 470 3750; x_wconf 87' lang='lat' dir='ltr'><strong>postquam</strong></span> <span class='ocrx_word' id='word_1_313' title='bbox 492 3679 522 3732; x_wconf 91' lang='lat' dir='ltr'><strong>in</strong></span> <span class='ocrx_word' id='word_1_314' title='bbox 549 3680 641 3732; x_wconf 83' lang='lat' dir='ltr'><strong>locum</strong></span> <span class='ocrx_word' id='word_1_315' title='bbox 665 3677 845 3732; x_wconf 84' lang='lat' dir='ltr'><strong>remotiorem</strong></span> <span class='ocrx_word' id='word_1_316' title='bbox 865 3685 1051 3747; x_wconf 84' lang='lat' dir='ltr'><strong>pervenerant</strong></span> <span class='ocrx_word' id='word_1_317' title='bbox 1074 3675 1156 3729; x_wconf 80' lang='lat' dir='ltr'><strong>inda·</strong></span> 
     </span>
     <span class='ocr_line' id='line_1_42' title="bbox 226 3744 1154 3821; baseline -0.005 -21"><span class='ocrx_word' id='word_1_318' title='bbox 226 3758 341 3814; x_wconf 86' lang='lat' dir='ltr'><strong>gentes,</strong></span> <span class='ocrx_word' id='word_1_319' title='bbox 372 3748 548 3821; x_wconf 85' lang='lat' dir='ltr'><strong>deprehendi</strong></span> <span class='ocrx_word' id='word_1_320' title='bbox 568 3749 659 3802; x_wconf 77' lang='lat' dir='ltr'><strong>ocutis</strong></span> <span class='ocrx_word' id='word_1_321' title='bbox 677 3757 799 3818; x_wconf 81' lang='lat' dir='ltr'><strong>poterat.</strong></span> <span class='ocrx_word' id='word_1_322' title='bbox 844 3744 901 3800; x_wconf 88' lang='lat' dir='ltr'><strong>Sed</strong></span> <span class='ocrx_word' id='word_1_323' title='bbox 920 3745 990 3800; x_wconf 84' lang='lat' dir='ltr'><strong>naec</strong></span> <span class='ocrx_word' id='word_1_324' title='bbox 1009 3746 1154 3798; x_wconf 86' lang='lat' dir='ltr'><strong>hactenus.</strong></span> 
     </span>
     <span class='ocr_line' id='line_1_43' title="bbox 224 3815 1156 3886; baseline -0.013 -12"><span class='ocrx_word' id='word_1_325' title='bbox 224 3816 309 3874; x_wconf 78' lang='lat' dir='ltr'><strong>Aliae</strong></span> <span class='ocrx_word' id='word_1_326' title='bbox 333 3817 511 3886; x_wconf 83' lang='lat' dir='ltr'><strong>quaestionis</strong></span> <span class='ocrx_word' id='word_1_327' title='bbox 536 3818 689 3872; x_wconf 81' lang='lat' dir='ltr'><strong>solvendae</strong></span> <span class='ocrx_word' id='word_1_328' title='bbox 713 3815 853 3883; x_wconf 89' lang='lat' dir='ltr'><strong>rationes,</strong></span> <span class='ocrx_word' id='word_1_329' title='bbox 889 3829 976 3882; x_wconf 87' lang='lat' dir='ltr'><strong>quae,</strong></span> <span class='ocrx_word' id='word_1_330' title='bbox 1008 3821 1156 3882; x_wconf 82' lang='lat' dir='ltr'><strong>postquam</strong></span> 
     </span>
     <span class='ocr_line' id='line_1_44' title="bbox 224 3880 1155 3969; baseline -0.005 -31"><span class='ocrx_word' id='word_1_331' title='bbox 224 3885 297 3968; x_wconf 74' lang='lat' dir='ltr'><strong>piam</strong></span> <span class='ocrx_word' id='word_1_332' title='bbox 315 3887 551 3968; x_wconf 30' lang='lat' dir='ltr'><strong>monstravimus&amp;</strong></span> <span class='ocrx_word' id='word_1_333' title='bbox 566 3885 653 3940; x_wconf 81' lang='lat' dir='ltr'><strong>facile</strong></span> <span class='ocrx_word' id='word_1_334' title='bbox 670 3885 763 3969; x_wconf 68' lang='lat' dir='ltr'><strong>enisis</strong></span> <span class='ocrx_word' id='word_1_335' title='bbox 782 3885 829 3966; x_wconf 75' lang='lat' dir='ltr'><strong>uni</strong></span> <span class='ocrx_word' id='word_1_336' title='bbox 847 3885 877 3938; x_wconf 82' lang='lat' dir='ltr'><strong>in</strong></span> <span class='ocrx_word' id='word_1_337' title='bbox 893 3893 1012 3936; x_wconf 82' lang='lat' dir='ltr'><strong>arentem</strong></span> <span class='ocrx_word' id='word_1_338' title='bbox 1030 3880 1155 3947; x_wconf 86' lang='lat' dir='ltr'><strong>venient,</strong></span> 
     </span>
     <span class='ocr_line' id='line_1_45' title="bbox 225 3953 1204 4093; baseline -0.02 -14"><span class='ocrx_word' id='word_1_339' title='bbox 225 3953 1155 4093; x_wconf 57' lang='lat' dir='ltr'><strong>:strenuastesaurus‘usstassais</strong></span> <span class='ocrx_word' id='word_1_340' title='bbox 1201 4053 1204 4059; x_wconf 82' lang='grc'><em>,</em></span> 
     </span>
     <span class='ocr_line' id='line_1_46' title="bbox 223 4091 862 4164; baseline 0 -16"><span class='ocrx_word' id='word_1_341' title='bbox 223 4096 260 4148; x_wconf 84' lang='lat' dir='ltr'><strong>ab</strong></span> <span class='ocrx_word' id='word_1_342' title='bbox 279 4092 332 4158; x_wconf 89' lang='lat' dir='ltr'><strong>iis,</strong></span> <span class='ocrx_word' id='word_1_343' title='bbox 354 4095 404 4164; x_wconf 92' lang='lat' dir='ltr'><strong>qui</strong></span> <span class='ocrx_word' id='word_1_344' title='bbox 422 4094 526 4150; x_wconf 83' lang='lat' dir='ltr'><strong>Furias</strong></span> <span class='ocrx_word' id='word_1_345' title='bbox 543 4094 679 4164; x_wconf 80' lang='lat' dir='ltr'><strong>agebant,</strong></span> <span class='ocrx_word' id='word_1_346' title='bbox 706 4109 779 4164; x_wconf 89' lang='lat' dir='ltr'><strong>opus</strong></span> <span class='ocrx_word' id='word_1_347' title='bbox 796 4091 862 4148; x_wconf 84' lang='lat' dir='ltr'><strong>erit.</strong></span> 
     </span>
    </p>
   </div>
   <div class='ocr_carea' id='block_1_4' title="bbox 0 0 1402 4692">
    <p class='ocr_par' dir='ltr' id='par_1_8' title="bbox 0 0 1402 4692">
     <span class='ocr_line' id='line_1_47' title="bbox 0 0 1402 4692; baseline 0 5"><span class='ocrx_word' id='word_1_348' title='bbox 0 0 1402 4692; x_wconf 95' lang='lat' dir='ltr'><strong> </strong></span> 
     </span>
    </p>
   </div>
  </div>
 </body>
</html>
