2794 4692
207 347 346 436 LXXII

207 523 438 626 procurando
457 543 589 596 cavere
606 518 711 612 sciat,
734 541 781 594 ne
797 517 1099 602 contaminationi
1118 517 1244 612 nitet),
1271 599 1290 630 ι

206 639 244 700 et
273 624 373 720 loqui
405 621 470 696 ubi
501 621 557 701 fas
591 621 640 694 sit
670 635 775 718 atquo
808 636 931 696 tacere
963 620 1137 696 similiter
1144 673 1156 712 ,
1202 621 1247 696 in

205 724 276 802 hac
301 739 426 798 tamen
459 721 710 818 oaussaloqui
734 723 870 818 jussus,
909 725 1062 818 -jam
1094 722 1194 796 enim
1221 747 1246 797 a

205 825 381 923 sanguine
407 838 442 898 et
466 823 608 920 piaculo
641 848 767 918 purus
785 838 859 914 est,
904 838 1025 920 utpote
1057 821 1102 898 ab
1131 823 1245 919 Apol·-

205 928 280 1002 line
311 939 547 1025 expurgatus,
587 940 737 998 etcum
763 925 889 998 multis
913 923 1123 998 hominibus
1157 949 1244 998 oon·

204 1050 375 1126 gressum
417 1025 544 1100 hahuit
586 1024 796 1116 innoxium,
824 1069 876 1084 -
923 1025 1070 1100 invocat
1105 1025 1244 1100 Miner-

205 1152 311 1220 vam,
337 1125 483 1202 Atticae
507 1141 629 1200 terrae
654 1125 838 1225 reginam,
865 1141 906 1201 ut
930 1127 1000 1202 sibi
1026 1125 1160 1201 auxilio
1180 1150 1242 1200 re-

205 1226 300 1320 niat,
326 1253 396 1324 quo
421 1242 527 1324 pacto
546 1249 652 1323 seque
671 1225 794 1324 ipsum
813 1241 849 1301 et
868 1227 1026 1324 patriam
1044 1243 1186 1302 tenram
1205 1241 1258 1300 et'

203 1327 581 1430 populum-Argivum
605 1325 696 1402 fidos
716 1344 753 1401 et
774 1331 1015 1425 sempiternos
1040 1327 1159 1402 socios
1178 1353 1242 1402 na-

204 1444 312 1505 ctura
340 1429 468 1522 sit⁶¹):
518 1428 640 1505 reniet
666 1453 777 1521 veru,
817 1430 1020 1526 ubieunque
1050 1444 1249 1528 terrarum,

204 1545 391 1624 moretur,
431 1547 472 1605 ut
496 1531 618 1628 ipsum
640 1528 815 1632 angustiis
840 1530 1086 1630 praesentibus
1107 1529 1241 1618 libera-

202 1656 244 1705 re
270 1633 394 1728 possit.

304 1732 435 1810 Furiae
469 1734 602 1834 negant
637 1733 718 1806 fore
753 1747 794 1806 ut
829 1732 874 1809 ab
902 1731 1070 1829 Apolline
1101 1733 1241 1807 Minen-

201 1858 296 1911 rare
321 1849 507 1926 servetur,
542 1847 583 1906 ut
608 1858 681 1907 non
705 1851 829 1930 pereat
850 1837 1054 1934 neglectus,
1079 1834 1239 1908 laetitiae

201 1958 348 2029 expers,
403 1933 593 2033 exsanguis
635 1932 789 2008 victima
824 1935 1019 2010 numinum
1059 1935 1238 2034 maligno-

201 2057 288 2108 rum
312 2035 466 2136 umbrae
489 2031 704 2129 simillae),
731 2035 916 2111 mirantur
937 2035 1237 2136 indignabundae,

466 2193 502 2203 —.

301 2269 408 2325 nobis
426 2270 549 2344 debet,
567 2291 652 2346 'ergo
671 2275 707 2330 ad
725 2269 924 2342 rocem'ppaoiv
941 2273 1139 2345 explicandam
1158 2275 1235 2329 scri·
1264 2299 1275 2318 ι
1321 2325 1324 2336 ,

300 2339 411 2412 pserit,
443 2342 610 2398 vocabulum
628 2341 755 2399 irro'drxot
772 2361 828 2398 non
853 2344 984 2413 proxime
1001 2353 1063 2398 cum
1080 2340 1166 2412 χρεῶν
1182 2345 1235 2398 sed

302 2425 366 2463 cum
392 2405 461 2462 daris
478 2407 619 2483 ἀμβρότου
643 2425 810 2470 construens
834 2425 863 2468 et
883 2409 1005 2480 πρόνφνξ
1029 2427 1131 2468 sonare
1155 2414 1234 2467 arbi·

301 2485 388 2532 trans.
422 2479 523 2548 Neque
544 2494 634 2540 tamen
657 2501 719 2538 cum
738 2485 898 2540 Hermanno
917 2483 1010 2536 locum
1028 2481 1070 2536 sic
1089 2482 1232 2552 ceperim:

238 2547 241 2559 ¹
299 2563 383 2627 reus
407 2547 499 2604 lieri
520 2553 599 2607 vult
626 2553 746 2608 debiti
769 2552 813 2606 vel
839 2551 1034 2620 culpae,-
1068 2567 1232 2620 quamquam

298 2633 357 2698 non
373 2617 500 2696 inficior,
521 2619 573 2686 iis,
601 2638 673 2688 quac
692 2623 721 2678 in
739 2623 857 2676 Adnott.
878 2621 913 2674 de
932 2618 1031 2674 Furiis
1050 2621 1180 2675 Orestam
1199 2636 1232 2674 se

296 2685 409 2752 judicie
427 2698 531 2742 sistere
550 2691 626 2744 velle
644 2692 841 2746 nescientibus
860 2689 939 2756 dixi,
967 2688 1098 2759 speciose
1116 2690 1232 2745 obverti

298 2769 386 2826 posse
403 2757 491 2810 verbe
507 2759 656 2828 Apollinis
674 2761 807 2832 superius
825 2777 853 2829 p.
870 2761 921 2814 215
939 2760 1066 2826 prolata,
1095 2776 1167 2826 quae
1186 2768 1230 2812 ta-

296 2838 360 2892 men
386 2824 564 2882 subobscure
589 2840 693 2884 tantum
718 2845 776 2883 rent
798 2828 959 2896 signarent,
979 2858 1012 2867 -
1044 2827 1095 2884 sed
1113 2829 1168 2894 ita,
1200 2837 1232 2886 ut

284 2892 431 2962 ,superius
451 2897 607 2952 enarrando
626 2899 768 2969 expressi.

217 2955 263 3026 66)
299 2961 363 3014 Hoc
382 2963 458 3020 valet
476 2981 537 3020 mea
559 2969 701 3023 sententia
719 2965 843 3022 locutio:
877 2963 1026 3035 ἐπίσταμαι
1049 2963 1161 3020 rro'iioru
1177 2985 1231 3019 ttu-

294 3027 434 3099 dcpuois,
457 3033 510 3090 Vs.
529 3035 588 3092 26⁷.
606 3068 640 3080 -
673 3037 763 3092 Juxta
779 3052 895 3102 moneo,
922 3035 1157 3104 insequentibus
1178 3053 1229 3088 vo·

297 3100 427 3155 rabulum
445 3099 552 3158 ἔκλυτον
572 3122 628 3159 non
646 3107 757 3165 ualere:
792 3105 962 3170 ablutum,
995 3117 1027 3159 ut
1044 3106 1131 3172 vulgo
1149 3105 1228 3158 acci·

293 3167 375 3238 pitur
391 3181 547 3242 praeeunte
562 3177 619 3244 jam
638 3175 808 3240 scholiasta,
834 3174 882 3241 qui
902 3175 931 3230 id
951 3174 1039 3228 verbo
1057 3173 1229 3241 ἐκκεκαθαρ-

183 3283 187 3289 .
293 3241 375 3305 μένον
396 3243 558 3310 expressit,
591 3243 642 3298 sed
660 3245 696 3300 ud
722 3244 834 3298 literam
856 3244 1021 3298 vertendum
1039 3259 1116 3298 esser
1152 3243 1223 3296 elu-

295 3316 380 3374 tum3
416 3319 460 3364 est
483 3321 574 3366 autem
597 3313 662 3369 roci
685 3317 824 3368 ποταίνιον
847 3313 1017 3385 oppositum.
1037 3315 1111 3384 Apte
1130 3313 1226 3384 Hesy-

293 3375 377 3432 chius
390 3379 539 3451 ·explicat:
567 3378 697 3449 ἐξίτηλον.

212 3437 258 3505 61)
292 3445 328 3498 ld
346 3445 438 3516 ipsum
451 3461 481 3504 ut
496 3451 582 3506 lieret
593 3451 754 3507 Orestema
769 3451 927 3506 semiesum
943 3467 1019 3515 esse,
1038 3450 1161 3504 inierius
1172 3451 1224 3506 Vs.

289 3515 342 3570 639
351 3529 413 3584 sqq.
432 3518 579 3586 significat
594 3521 717 3593 Apollo5
738 3523 837 3576 foedus
856 3521 1013 3591 pollicetur
1031 3530 1060 3574 et
1079 3531 1161 3579 roret
1175 3521 1224 3586 ju·

290 3585 444 3650 rejurando
463 3589 529 3643 dato
545 3591 710 3661 priusquam
726 3590 851 3647 discedit
867 3591 918 3646 Vs.
929 3593 980 3646 732
989 3606 1051 3657 sqq.
1073 3589 1136 3662 ipse
1149 3589 1223 3642 Ore-

290 3661 361 3706 stes.
406 3655 539 3723 Modum,
575 3676 631 3728 quo
656 3661 728 3716 haec
746 3677 793 3716 res
817 3659 1021 3714 consideranda
1038 3659 1091 3725 sit,
1128 3657 1224 3728 aperit

287 3721 344 3790 lant
362 3724 535 3782 scholiastae
557 3730 703 3785 adnotatio
723 3730 758 3785 ad
777 3730 851 3785 bunc
869 3727 961 3801 ipsum
980 3730 1086 3782 locumz
1123 3724 1158 3780 oie
1173 3725 1224 3780 το·-

288 3808 321 3844 ra
337 3793 545 3862 συμμαχούντων
562 3793 695 3866 Ἀργείων
710 3793 885 3866 Ἀθηναίων,
913 3796 1076 3854 acmratius
1093 3796 1224 3867 disputat

287 3857 492 3920 Muellerus
510 3867 544 3922 ad
562 3867 681 3924 Eunoen.
700 3887 728 3938 p.
748 3871 807 3924 tut.

209 3923 255 3993 ⁶²)
290 3927 352 3984 Cir.
371 3931 425 3988 Vs.
443 3937 495 3990 292
520 3949 549 3992 et
574 3952 646 4005 quae
672 3938 709 3992 de
736 3955 771 3991 eo
798 3935 925 3990 diximus
952 3933 980 3988 in
998 3933 1116 3989 Adnott.
1141 3951 1172 4002 p.
1188 3935 1224 3988 66

286 4012 365 4067 sqq„
401 4003 505 4069 quibus
528 4004 640 4072 siquis
663 4024 717 4060 non
741 4004 915 4060 satisfactum
940 4015 1020 4066 putet
1039 4002 1103 4058 voci
1122 3997 1225 4068 δαιμό-

287 4085 341 4120 νων
365 4072 538 4144 explicando
563 4075 746 4140 retinendae,
784 4074 810 4128 is
836 4075 908 4126 baud
934 4073 1030 4143 inepte
1054 4071 1223 4141 scripserit:
