2812 4690
1126 367 1175 451 ot

128 543 376 635 attestationis
398 551 638 636 interpretibus
658 549 710 636 ad
722 568 825 614 unum
840 549 999 614 omnibus
1020 551 1103 612 fatre
1124 553 1176 611 ins

130 636 324 714 tellectum
338 635 678 714 etso'coutendimus,
706 653 812 720 neque
822 643 912 700 avaro
935 655 955 697 a
975 635 1178 719 nobisipsis

131 736 241 802 supra
263 729 304 803 p.'
317 723 361 787 tt
381 738 449 804 sqq.
473 738 540 782 uon
562 729 652 783 reete
671 729 849 783 tractatum
870 718 1063 784 diffitemur.
1152 736 1155 755 ¹

139 836 142 842 ·
227 805 278 866 De
306 823 371 889 quo
399 807 464 886 jam
492 808 607 888 accipe
634 805 762 868 haecce.
823 805 1032 867 Vocabulum
1062 800 1177 884 ἀμβλὺν

133 891 282 972 plurimi
302 892 502 972 interpretes
521 892 569 952 sic
590 899 768 972 ceperunt,
786 899 788 906 '
804 897 843 952 ut
861 888 1056 951 Schuetnins'
1077 907 1178 972 supra

132 975 265 1036 citatus
293 982 328 1037 et
359 983 435 1036 ante
466 973 554 1036 hunc
584 975 650 1054 jam
682 973 857 1039 Heathius.
921 971 1177 1056 Wakefielduse

136 1055 302 1140 νιὶμβίύν,4
341 1057 588 1146 languidum
620 1067 654 1121 et
685 1059 878 1133 imbellem5
920 1066 963 1118 utv
978 1060 1086 1121 solent
1108 1076 1178 1121 esse

134 1139 183 1207 ab
207 1141 590 1230 insanis‘agitationibus
613 1145 847 1225 quiescentes«
914 1140 981 1204 Sed
1002 1145 1114 1204 nescio
1135 1161 1178 1206 an

134 1236 289 1314 praestet
315 1231 464 1314 cogitare
491 1228 535 1290 de*
554 1228 669 1290 Oreste
697 1229 869 1290 erroribus
897 1225 1037 1289 assiduis
1052 1225 1179 1288 defati-

140 1319 250 1376 ”atoa
277 1313 337 1374 ‘ita
359 1313 496 1374 corbum
517 1314 615 1374 etiam
639 1315 715 1375 loeo
736 1311 937 1394 Euripiden,
971 1331 1066 1395 quem
1089 1320 1178 1373 attu-

135 1330 265 1473 iturum
295 1395 569 1478 capiendum'est.
613 1397 720 1460 Etiam
739 1398 850 1458 minus
869 1398 980 1480 piacet
1001 1413 1058 1474 ea,
1076 1407 1180 1479 'quam

105 1536 113 1550 ,
137 1481 187 1543 de
200 1481 310 1544 *verbo
331 1479 602 1564 ποοςίετρομμίνον
621 1482 854 1566 proposuimus
875 1482 1081 1542 seutentiam.
1140 1476 1180 1542 td

138 1563 457 1649 quidemapparet',
478 1585 557 1628 uon
577 1573 672 1646 'posse
692 1566 833 1633 verbum
848 1564 1095 1648 προςτρίβεσθαο
1116 1565 1182 1626 hoc

139 1651 222 1712 loco
244 1670 282 1712 aa
303 1650 545 1736 significatione
565 1649 752 1712 adhibitum
774 1670 860 1726 esso,
883 1663 980 1732 quam
1001 1650 1102 1736 vulg-o
1123 1651 1181 1710 ha-

139 1734 226 1796 bere
247 1738 351 1812 solet,
373 1737 443 1796 sive
464 1734 523 1794 illa
545 1736 694 1817 passiva5
715 1737 785 1798 sive
797 1737 921 1808 activa3
951 1732 1008 1796 sed
1029 1737 1182 1814 proxime

139 1839 164 1880 a
179 1835 267 1880 *vero
290 1819 405 1881 aberat
425 1818 635 1894 scholiastes,
669 1821 729 1902 qni
748 1821 948 1902 scripserats
983 1841 1182 1901 προςτετριμ-

140 1901 249 1984 με’νον)
282 1899 354 1965 κίονί
387 1900 486 1964 αὐτῶν
519 1899 696 1966 ἐπελθόντα.
763 1903 894 1968 Pariter
923 1906 989 1984 jam
1017 1902 1181 1984 StanIejus

142 1991 384 2070 interpretatus
406 1996 497 2051 erata
541 1986 618 2051 »sed
638 1990 703 2068 jam
725 1987 939 2074 languidum,
970 1989 1182 2050 incussum

141 2073 253 2134 aliis
281 2069 480 2134 aedibus«
513 2080 589 2137 cett.
653 2075 856 2159 Quamquam
884 2092 951 2134 non
973 2074 1109 2136 omnino
1131 2093 1186 2142 ae-

142 2163 264 2219 curata
300 2165 350 2219 est
372 2156 575 2218 -scholiastis
614 2159 873 2240 interpretatio,
918 2155 1185 2240 quandoquidem

142 2239 403 2326 poeta'addidit
430 2242 712 2324 praepositionem
741 2239 845 2320 node}
889 2244 938 2304 sic
967 2243 1054 2303 euim
1077 2240 1183 2306 dictio

141 2327 394 2410 noomplpssdm
425 2321 506 2409 πρὸς
538 2324 676 2388 ἄλλοισιν
708 2327 807 2399 οἴκοις
845 2324 887 2387 ad
926 2326 1063 2390 verbum
1096 2327 1184 2389 nihil

143 2411 337 2496 siguificare
354 2419 480 2492 potest,
504 2411 587 2471 nisi:
618 2412 780 2472 morari
801 2410 908 2491 apud
930 2411 1039 2472 alias
1059 2410 1183 2472 aedes

144 2497 225 2557 sive'
256 2495 473 2556 immorari
509 2495 550 2554 in
578 2493 684 2554 aliis
713 2493 910 2570 aedibus,
966 2501 1004 2552 ut
1031 2496 1184 2576 proxime
1214 2519 1216 2524 ¹

145 2575 285 2640 accedat
305 2575 348 2638 ad
370 2575 477 2640 itlnd=
498 2578 702 2660 χρηστηρίοις
723 2579 754 2639 ἐν
771 2577 869 2651 coieris
885 2579 1070 2662 τρίβεσθαι,
1094 2579 1184 2660 quod

145 2663 275 2748 legitur
302 2681 401 2744 supra
422 2661 480 2726 Vs.
507 2664 576 2728 186.
640 2660 823 2724 Potuerunt
844 2671 953 2726 autem
981 2661 1064 2724 haec
1083 2664 1185 2726 verba

145 2750 203 2810 sie
220 2747 389 2808 intellecta
410 2754 544 2810 eatenus
572 2747 655 2810 bene
683 2750 807 2830 opponi
833 2750 943 2812 verbis
973 2742 1009 2811 οὐ
1030 2745 1187 2830 προφερό-

144 2851 243 2895 nacco
270 2827 343 2894 'odd'
357 2826 556 2911 decidentes
581 2830 681 2914 χέρα,
725 2841 884 2914 quatenus
908 2832 1062 2912 Orestes,
1107 2833 1187 2894 dum

43 2940 45 2945 ’
147 2916 252 2994 dicit,
289 2915 416 2994 sejam
438 2918 474 2978 in
496 2918 572 2979 aliis
594 2915 730 2978 aedibus
753 2919 964 2980 immoratum
986 2918 1104 2995 fuisse,
1147 2937 1186 2980 ea

138 3003 223 3083 ipsa
253 3002 460 3081 professione
497 3003 533 3062 in
566 3000 628 3062 hac
660 2999 793 3082 quidem
826 3005 1067 3088 cogitationum
1099 3005 1187 3066 serie

147 3083 238 3147 nihil
260 3083 356 3162 dicit,
379 3085 462 3146 nisi=
485 3105 520 3148 se
540 3087 605 3165 jam
627 3095 723 3147 antea
745 3088 912 3170 expiatum
936 3087 1014 3150 esse.
1039 3087 1189 3151 Verbum

149 3163 397 3251 &spiritantem
420 3168 507 3231 nihil
529 3169 712 3256 significat,
741 3173 826 3233 nisit
857 3172 1004 3234 Orestem
1028 3190 1095 3233 uon
1114 3175 1189 3254 pri·

146 3263 237 3317 mam
258 3253 447 3316 Mtnervam
469 3252 585 3336 adira*
612 3253 687 3333 sed,
719 3257 911 3338 prinsquam
934 3254 976 3318 ad
999 3273 1070 3317 eam
1090 3277 1189 3321 rene-

147 3342 221 3416 rit,
255 3339 321 3399 huc
342 3338 424 3398 illue
445 3357 587 3425 vagasse.
652 3343 703 3400 Au
725 3342 774 3401 sie
795 3350 903 3402 tamen
925 3341 1109 3424 praestabit
1128 3343 1186 3406 Vs.

148 3427 268 3489 taa'ct
288 3423 345 3485 Vs.
368 3425 431 3488 230
453 3424 500 3484 ita
521 3424 591 3484 sibi
608 3424 697 3486 inter
717 3442 753 3486 se
774 3427 944 3506 oppositos
966 3422 1118 3506 credere,
1149 3437 1189 3488 ut

148 3503 365 3571 v'etbis'orid’
397 3505 585 3592 ἀφοίβαντον
614 3509 691 3610 χέρα
719 3506 941 3590 respondeant
971 3508 1072 3571 haec:
1116 3509 1187 3574 ἀλλ’

152 3590 268 3672 ἀμβλὺν
287 3590 349 3669 ἤδη
372 3600 469 3676 atque
490 3591 582 3656 vocis
605 3589 721 3674 αμβλῠν
739 3613 817 3656 usus
839 3595 884 3655 sit
906 3596 950 3672 is,
984 3594 1025 3656 de
1047 3613 1114 3678 quo
1134 3614 1191 3660 ex-

151 3680 264 3758 posuit
285 3676 499 3751 Sehuetsius3
528 3687 562 3741 et
582 3679 625 3741 ad
644 3678 805 3741 vocabula
828 3674 864 3741 οὐ
885 3674 1116 3764 προςτρόπαιον
1137 3701 1191 3744 re·

151 3764 281 3822 teratur
301 3759 427 3824 dictio:
465 3759 539 3826 cidini
567 3761 841 3848 προςτετριμμίνον
868 3762 949 3844 τορός
979 3763 1117 3827 ἄλλοισιν
1144 3765 1190 3828 oi'-

154 3850 248 3916 socc?
290 3843 358 3909 Cir.
381 3847 497 3925 locus,
534 3851 592 3931 qui
621 3850 746 3934 legitur
774 3846 852 3910 inde
881 3850 979 3912 aVs.
1003 3853 1065 3913 272
1087 3866 1190 3930 usque

153 3927 196 3991 ad
218 3928 275 4011 Vs.
299 3931 371 3993 275.
437 3929 502 3994 Sed
522 3933 616 3995 iaaac
650 3936 815 3996 hactenus.
883 3934 957 3996 Jam
979 3953 1060 3996 vero
1081 3934 1192 3995 verbis

152 4008 236 4100 πρίς
257 4009 392 4076 ἄλλοισιν
414 4016 536 4096 οἴκοις,
575 4026 613 4079 ut
633 4017 753 4103 vulgo,
793 4016 936 4097 iunctis,
969 4017 1051 4100 quid
1071 4009 1192 4082 'flet‘do

154 4099 328 4163 vocabulis
357 4101 409 4161 uni
436 4100 630 4186 πορεύμασιν
659 4104 804 4186 decedo?
859 4099 1088 4168 Construeuda
1116 4111 1193 4166 suut
