2794 4692
220 591 518 607 ...υ-..Μ

238 713 243 720 ·
321 695 401 744 retu-r
425 701 459 742 an
485 688 602 760 piures,
638 688 753 743 dubium
777 703 897 747 manere.
944 689 997 745 liii
1019 689 1178 744 sententiae
1196 705 1253 760 pro

322 759 409 814 fundo
436 768 480 812 eat
506 757 615 812 locutio
641 757 671 812 ἐν
695 755 823 826 decipiant
848 761 899 816 Vs.
920 762 987 827 ⁷19,
1022 775 1103 829 quam
1130 758 1254 812 Fritz·

322 826 442 881 achina
461 835 490 880 et
506 833 579 895 ego,
601 829 711 898 pariter
727 840 755 883 at
776 847 811 884 ue
828 830 1015 895 scholiastes,
1033 831 1083 896 qui
1104 827 1253 899 expiicatc

323 893 451 962 διακρίσει
474 892 529 948 τῶν
551 893 650 950 λευκῶν
666 903 711 949 καὶ
727 915 760 966 με
795 895 874 967 avda,
904 916 938 954 eo
967 901 1072 952 ducere
1097 909 1256 961 censemus,

324 972 355 1019 ut
370 965 475 1017 calculi
493 965 551 1018 albi
568 965 683 1032 utrique
697 967 780 1029 (addo
800 970 853 1022 hoc
870 970 949 1023 ioco:
970 964 1074 1036 integri
1095 964 1254 1037 perforati·

323 1039 390 1102 quei
404 1034 433 1087 in
449 1049 503 1086 unu
515 1035 668 1102 cademque
682 1049 751 1088 urna
766 1037 899 1107 permixti
915 1037 1032 1092 suerint.
1058 1036 1166 1102 anue,
1183 1032 1253 1103 opi-

322 1117 399 1226 i‘e'ii
412 1102 1252 1242 ³”iiiimxiiiitruisiii,iiiii·siritii}

325 1237 447 1311 possint.
478 1239 515 1295 Et
526 1210 751 1295 Weilaue'rns
769 1243 879 1311 quidem
898 1244 927 1296 in
942 1245 1012 1296 Lex.
1025 1241 1162 1313 Aeschyi.
1179 1237 1257 1294 taar-

325 1325 398 1374 paorv
416 1308 756 1378 explicatjudioium,
782 1327 850 1379 quo
868 1327 971 1366 causa
988 1309 1113 1378 aliqua
1129 1310 1257 1364 decer·

291 1401 295 1410 ⁴
324 1378 443 1443 nitur,
460 1379 579 1443 ductus,
607 1387 637 1432 ut
655 1379 786 1444 videtur,
813 1397 864 1434 usu
884 1375 1114 1446 verbidtnauaiu,
1139 1377 1188 1446 qui
1206 1394 1258 1431 re·-

324 1446 439 1516 paritur
456 1446 485 1500 in
505 1447 557 1500 hac
576 1447 639 1517 ipsa
655 1447 752 1502 fabula
770 1450 837 1504 Vsa.
853 1453 924 1517 noo,
941 1451 1006 1515 466,
1024 1450 1084 1502 600.
1125 1445 1182 1502 Sed
1202 1446 1258 1525 iiia

256 1537 259 1546 ⁴
326 1514 407 1570 notio
426 1515 509 1568 nimis
529 1514 700 1570 universalis
718 1527 763 1571 est
784 1519 838 1573 hoc
856 1519 936 1584 loco,
968 1519 1029 1581 vel,
1058 1516 1083 1580 ei
1101 1531 1161 1570 eam
1179 1516 1259 1570 rtoira

326 1583 486 1637 universali
504 1600 587 1638 sensu
603 1585 756 1655 accipere,
790 1586 855 1641 ideo
872 1605 927 1642 non
945 1588 1079 1654 quadrat,
1111 1585 1178 1652 qnia
1196 1583 1258 1638 tale

323 1651 459 1734 judicium
483 1669 538 1734 aon
563 1653 596 1707 fit
621 1655 752 1737 calculis¹
769 1655 998 1718 dinumerandis,
1034 1656 1084 1735 send
1110 1654 1139 1707 in
1157 1667 1257 1706 urnam

326 1721 529 1856 fudistis
545 1721 823 1862 ,ittuntur
837 1721 1259 1864 inuritiiiiinlt‘iii:

327 1859 506 1914 morandis
533 1859 671 1928 calculis,
705 1871 843 1928 qnatenus
867 1863 907 1928 ii,
944 1861 994 1930 qui
1020 1861 1146 1914 calculos
1171 1874 1258 1912 unum

326 1928 467 1981 cumulum
489 1928 650 1983 efficientes
675 1937 834 1996 numerant,
853 1931 1001 2000 vsingulos
1027 1929 1155 1983 calculos
1179 1928 1258 1982 aite-

328 2011 388 2050 rum
405 1997 441 2048 ab
458 1997 551 2052 altero
569 2007 734 2064 secernunt,
759 2016 811 2054 nec
829 2000 991 2056 necessario
1009 1999 1153 2053 notionem
1171 1997 1259 2050 nnius

237 2113 239 2120 ,
328 2063 435 2117 cumuli
455 2065 483 2118 in
502 2067 573 2120 duca
591 2066 740 2122 diuidendi
759 2069 913 2134 subjectam
931 2070 1045 2122 habere.
1086 2068 1148 2120 Hac
1166 2064 1259 2135 igitur

327 2133 413 2199 huius
432 2135 562 2188 vocabuli
580 2135 745 2206 explicandi
766 2140 874 2192 ratione
892 2153 1041 2200 concessa,
1060 2135 1168 2190 ceteris
1186 2151 1257 2206 pro-

329 2201 500 2255 babiliorem
517 2205 635 2258 duxerit
653 2221 712 2258 eam
730 2208 912 2272 sententiam,
940 2220 971 2261 ut
989 2207 1060 2260 duae
1077 2221 1182 2271 urnae,
1202 2218 1258 2257 una

327 2271 520 2336 absolvendo,
548 2273 640 2327 altera
657 2274 828 2342 damnando,
856 2276 968 2346 positae
987 2275 1111 2342 fuerint,
1126 2277 1259 2343 areopa-

327 2340 407 2406 gitae
424 2351 516 2394 aotam
542 2347 623 2395 uirum
642 2342 763 2411 quisque
781 2346 920 2400 caicuiurn
944 2343 1111 2410 habuerint,
1146 2343 1171 2396 si
1190 2343 1259 2409 quis

329 2410 400 2465 haec
426 2410 482 2464 duo
508 2411 703 2480 reputaverit,
738 2414 874 2484 primurn:
915 2415 990 2481 quod
1017 2414 1087 2466 haec
1112 2409 1258 2466 sententia

327 2481 387 2601 iii
401 2480 815 2607 ⁹:i;s„i⁶‘⁰„:i:5⁵⁰⁸iti¹tr
834 2480 1261 2606 {zuniuii⁰.¹⁰t.⁸iitir

328 2617 405 2682 quod
431 2616 514 2670 etiam
533 2586 630 2684 ’Agant
652 2565 773 2678 vapidi)
789 2637 832 2703 sp·
851 2621 967 2675 duarum
993 2588 1123 2672 uenarum
1148 2616 1257 2671 mentio

329 2685 364 2741 fit
382 2680 425 2747 (ad
443 2683 595 2753 αι’ματηρδν
619 2684 713 2750 eadgar
730 2721 760 2733 -
779 2710 815 2759 rip
833 2686 943 2758 ἐναντίῳ
966 2684 1069 2754 aurat),
1104 2687 1146 2741 dii
1172 2700 1257 2740 unum

330 2753 622 2879 sinuantia
650 2756 864 2882 &minii
889 2755 1258 2883 ¹?⁰t⁸⁹it.⁰²¹„iz¹‘i:‘

625 2862 632 2878 .
714 2865 721 2880 .
829 2843 923 2884 ano.
978 2867 986 2882 .
1068 2843 1083 2880 c
1242 2851 1257 2864 ·

330 2889 410 2944 tione
438 2900 467 2944 ut
493 2893 564 2945 ciam
598 2893 668 2947 ferri
694 2843 838 2964 {effregit
870 2907 1001 2967 possent,
1044 2889 1174 2948 monente
1200 2895 1260 2960 J'am

332 2958 589 3028 Scuoemanno,
625 2961 705 3016 urnis
737 2965 922 3034 disponendis
955 2962 1158 3035 prouidendum
1187 2971 1260 3026 erat,

332 3027 408 3094 quod
424 3031 563 3095 quomodo
582 3030 740 3086 institutum
759 3033 887 3087 fueritin
907 3035 959 3088 hac
972 3048 1081 3100 caussa,
1098 3029 1260 3087 accuratius

286 3119 288 3126 ·
332 3111 472 3177 quaerere
494 3100 569 3152 nolo.
607 3100 678 3154 Tota
698 3103 750 3156 hac
774 3101 968 3172 disputatione
993 3103 1182 3174 supersedere
1205 3115 1258 3171 po·

331 3177 503 3232 adissemus,
530 3168 555 3220 si
576 3179 659 3237 poeta
677 3171 830 3225 Minervam
850 3170 887 3225 iis
905 3170 1016 3238 verbis,
1043 3170 1148 3239 quibus
1165 3169 1259 3222 Areo·

288 3249 291 3256 ’
330 3233 441 3314 paginas
460 3235 489 3289 in
516 3236 652 3305 sutfragia
669 3239 772 3306 mittit,
807 3239 891 3295 simui
918 3242 1016 3311 pauilo
1038 3237 1197 3294 accuratius
1215 3236 1259 3290 ai·

330 3303 510 3370 gnificantcm
536 3304 653 3362 iecisset
678 3308 715 3361 de
739 3307 864 3377 ratione,
899 3325 954 3377 qua
979 3308 1115 3376 suffragia
1142 3307 1261 3361 terenda

333 3384 442 3439 essent,
480 3383 510 3427 ut
528 3393 553 3428 v.
572 3392 597 3430 c.
626 3377 699 3445 apud
723 3378 890 3432 Aeschinem
908 3380 969 3433 adv.
988 3379 1132 3434 Timarcir.
1152 3393 1176 3430 c.
1191 3377 1226 3429 33
1244 3389 1262 3426 a

331 3457 475 3562 praecone
493 3444 595 3497 iactum
613 3445 713 3499 videre
731 3458 788 3514 eata
815 3449 890 3516 quod
911 3446 1002 3518 ipsum
1021 3447 1130 3514 aliquis
1147 3443 1277 3498 dixerit.

353 3525 386 3589 ac
412 3511 441 3564 in
467 3528 566 3566 caussa
585 3530 619 3567 eo
637 3516 726 3583 magia
752 3515 941 3571 necessarium
965 3515 1072 3580 inisse,
1107 3515 1183 3583 qood
1204 3514 1261 3566 1¹0⁰

333 3593 454 3648 primum
478 3581 599 3634 omnium
620 3584 758 3648 judicium
778 3587 937 3640 exercitum
962 3586 1094 3654 tingatur.
1129 3583 1187 3638 Sed
1207 3582 1261 3634 cir.

333 3661 404 3726 ottae
422 3663 507 3719 supra
525 3668 551 3718 p.
568 3652 665 3705 xciii
684 3663 712 3706 et
730 3653 803 3708 locis
827 3656 919 3708 adnot.
936 3657 971 3708 93
989 3653 1086 3708 ailatis
1112 3651 1262 3721 significa-

332 3731 437 3778 vimus,
480 3719 583 3785 quibus
611 3722 665 3775 hoc
694 3738 793 3777 novum
826 3734 1017 3792 argumentum
1048 3720 1154 3776 addere
1180 3717 1261 3773 iicet.

333 3785 415 3838 Quod
434 3786 564 3841 Minerva
585 3799 650 3858 post
673 3791 730 3844 lata
748 3793 885 3860 suffragia
903 3792 1046 3861 negotium
1065 3786 1264 3845 dinumerandi

332 3854 497 3916 quibusdam
521 3856 669 3923 jndicibus
687 3861 811 3924 mandet,
848 3877 902 3915 non
929 3861 1040 3932 ipsein
1067 3875 1099 3915 ae
1126 3858 1186 3913 reci
1212 3859 1265 3920 iat,

333 3924 369 3973 de
388 3940 445 4002 quo
462 3925 519 3978 vid.
538 3941 609 3993 quae
627 3927 784 4000 disputarit
801 3929 995 4006 Meieruaxi.
1014 3948 1038 3983 o.
1056 3947 1083 4001 p.
1100 3929 1150 3994 ³1,
1168 3876 1265 3980 agnot-

335 3993 385 4052 19,
422 3995 568 4058 singulare
598 4012 677 4059 essa,
708 4003 765 4065 jam
786 4017 833 4062 ¹err
855 3998 972 4053 Adnott.
992 3999 1013 4051 l.
1038 4015 1063 4052 c.
1088 4009 1185 4052 notum
1211 4005 1267 4048 est.

335 4060 502 4130 Quaerenti,
520 4063 647 4120 tueritne
664 4065 712 4121 iric
730 4083 797 4122 nsua
815 4069 967 4143 Areopago
986 4065 1134 4142 proprius,
1154 4063 1266 4130 neseio,
