2812 4690
229 358 280 435 96

299 533 302 540 ’
357 529 502 622 Kpiruou
523 528 553 594 δ’
576 526 756 598 dardaniis
777 529 857 611 intio
877 526 915 595 τά
936 516 1071 614 patema
1099 519 1102 526 ¹

354 620 420 699 ἥξω
433 661 459 704 ,-
476 618 607 699 διαιρεῖν
626 621 716 684 τοῦτο
737 613 856 720 πρᾶγμ’
878 613 1042 697 ἐτητύμως,

357 706 452 789 ὅρκον
471 706 628 785 περῶντας
647 703 740 782 μηδὲν
760 701 894 765 cadorcor-
906 702 1029 782 perois.

314 795 424 856 Locus
445 791 481 870 in
525 789 615 870 aucis
637 786 807 866 difficilis,
849 805 950 868 quum
969 796 1004 849 et
1023 789 1266 854 sententiarum

230 897 334 944 nexus
365 810 557 958 quibusdldm
585 870 739 936 rideatur
769 869 920 933 turbatus
951 888 1013 934 nec
1043 872 1151 936 ullum
1182 876 1267 938 insit

229 981 378 1036 comma,
410 953 498 1041 quod
518 957 605 1020 vitio
626 973 761 1038 prorsus
783 963 912 1018 careat
1098 969 1100 978 ·

314 1043 356 1108 tit
390 1045 498 1126 prima
530 1042 641 1103 statim
669 1039 769 1103 verba
800 1039 873 1101 sine
904 1038 1006 1103 dubio
1038 1042 1266 1123 corruptelam

229 1131 413 1197 traxerunt.
459 1121 674 1188 offenderunt
701 1123 839 1206 plurimi
868 1125 936 1186 viri
964 1123 1057 1188 docti
1089 1128 1123 1188 in
1151 1127 1267 1190 verbis

230 1219 260 1282 εἴ
269 1241 335 1291 τις,
358 1232 419 1295 pro
435 1211 553 1294 quibus
570 1216 644 1291 post
663 1207 858 1272 Pearsonem
879 1205 962 1284 ἥτις
981 1210 1084 1273 scribi
1098 1213 1265 1294 coeptum.

228 1301 286 1367 Sic
308 1297 498 1380 nuperrime
519 1294 618 1356 etiam
642 1291 863 1368 Ειὶιιεοδιὶιιε,λ
887 1301 1023 1371 notans,
1054 1293 1143 1377 quod
1165 1295 1266 1358 facile

229 1395 280 1452 est
310 1384 507 1458 intellectu,
550 1373 684 1450 δικάζειν
713 1373 856 1458 pandere
886 1397 926 1438 ex
954 1377 1117 1441 vocabulo
1147 1379 1262 1459 μεῖζον.

229 1468 297 1534 Sed
324 1470 372 1530 ita
401 1471 514 1547 aperte
543 1463 654 1543 inepte
682 1461 826 1542 positum
850 1470 898 1523 est
918 1458 988 1525 τάδε
1017 1483 1078 1525 nec
1099 1482 1139 1526 eo
1162 1462 1264 1526 modo

229 1555 381 1639 opposita
400 1550 483 1620 haec
504 1547 667 1609 sententia
690 1545 859 1627 sequenti,
890 1563 985 1628 quem
1008 1548 1117 1629 quivis
1138 1545 1265 1611 viderit

229 1637 449 1704 necessarium
478 1651 558 1694 esse.
623 1628 710 1692 Illud
732 1629 824 1703 rime
844 1632 943 1693 etiam
965 1631 1159 1696 scholiastes
1180 1632 1265 1694 scri·

229 1733 323 1809 ptum
345 1717 549 1802 reperiebat:
591 1713 683 1787 εἴτις
705 1713 814 1786 οἴεται)
842 1714 872 1800 ai
898 1737 944 1798 τιςΙ
965 1715 1060 1798 cirros
1079 1712 1114 1792 τδ
1134 1719 1263 1798 πρᾶγμα

228 1807 299 1873 τάδε
319 1799 434 1886 βροτὸς
456 1797 608 1874 δικάζειν,
651 1799 753 1878 μεῖζον
777 1798 800 1872 ἤ
827 1795 907 1861 κατὰ
939 1793 1135 1884 ἀνθρώπινά
1154 1801 1261 1864 οἴεται.

229 1891 324 1974 Ἐμοὶ
346 1888 378 1952 δὲ
397 1889 469 1971 περὶ
490 1881 593 1964 φόνων
615 1880 749 1958 δικάζειν
771 1879 827 1967 οὐχ
849 1881 947 1947 ὅσιον.

243 2033 244 2038 ,
311 1971 539 2036 Nihilominus
566 1977 676 2030 tamen
704 1975 813 2050 patet,
856 1987 923 2030 non
951 1986 1045 2054 posse
1072 1968 1264 2034 Minervam

228 2060 266 2126 id
286 2057 415 2135 dicere,
445 2051 533 2138 quod
555 2049 687 2134 quidem
709 2071 750 2112 ex
770 2054 814 2112 iis
835 2054 970 2134 volunt,
1002 2054 1061 2135 qui
1081 2053 1167 2115 nibil
1188 2073 1262 2116 mu·

226 2142 364 2210 tandum
385 2158 454 2202 esse
475 2144 629 2199 censent:
677 2155 807 2196 »cauma
836 2136 916 2200 haec
936 2139 1036 2200 nimis
1057 2140 1185 2225 gravis,
1226 2139 1259 2200 si

227 2231 303 2316 quis
330 2223 479 2289 mortalis
507 2241 577 2283 eam
605 2240 640 2282 se
661 2216 845 2300 dijudicare
871 2239 966 2304 possa
993 2230 1132 2304 putat3t
1175 2240 1260 2306 quae

227 2313 329 2392 verba
350 2317 426 2373 suut
447 2305 649 2371 Wellaueri.
703 2302 789 2366 Nam
817 2304 881 2370 boc
908 2307 938 2368 si
966 2306 1161 2369 credidisset
1186 2304 1260 2386 dea,

227 2409 293 2483 qu‘o
308 2393 440 2478 tandem
458 2389 556 2453 modo
574 2387 769 2452 mortalibus
791 2391 879 2452 infra
900 2388 1070 2470 judicandi
1091 2392 1262 2478 negotium

226 2480 385 2546 mandare
406 2478 589 2561 potuisset?
639 2471 876 2540 schwenetius
897 2472 939 2536 ad
960 2474 1097 2537 verbum
1118 2476 1222 2556 μεῖζον
1241 2487 1268 2540 e'

226 2565 437 2652 sequentibus
459 2559 662 2648 cogitatione
684 2559 825 2640 repetita
868 2555 957 2634 ἥτις
978 2557 1092 2636 οἴεται,
1134 2570 1169 2622 et
1190 2563 1204 2621 i
1225 2581 1262 2624 sa

225 2651 400 2715 tenendam
430 2665 564 2708 censens
592 2642 757 2705 librorum
784 2661 881 2708 mser.
904 2645 1131 2730 scriptionem.
1194 2582 1262 2708 ded
1291 2695 1294 2700 .

224 2738 326 2800 etiam
354 2735 390 2794 in
419 2730 481 2792 hac
504 2729 611 2788 minus
634 2727 715 2789 bene
736 2746 772 2790 se
793 2726 891 2788 habet
911 2729 1107 2790 uocabulum
1127 2724 1198 2792 τάδε
1217 2727 1262 2792 ad

224 2819 363 2886 uerbum
390 2811 425 2877 εδ
452 2813 578 2897 πρᾶγμα
607 2811 757 2874 relatum.
818 2810 926 2873 Possis
948 2811 982 2874 id
1005 2811 1137 2894 quidem
1159 2816 1260 2878 etiam

225 2903 271 2968 ad
296 2902 356 2967 Vs.
378 2901 440 2966 446
461 2919 508 2981 sq.
537 2899 662 2959 reterre
690 2895 787 2958 velle.
870 2893 957 2958 'Fuso
984 2897 1085 2958 verba
1113 2895 1148 2962 ιδ
1176 2899 1261 2984 πρά-

225 3013 288 3074 γμιι
308 2985 389 3070 quid
410 2983 475 3046 sibi
495 2981 621 3059 velint,
666 2981 829 3061 explicari
850 2976 941 3042 dicas
962 3000 1050 3062 sequ.
1075 2993 1259 3047 coarmatet

226 3076 309 3137 εἰ-
323 3065 477 3149 δικάζειν,
500 3075 533 3130 et
549 3067 599 3127 sic
616 3063 779 3126 librorum
799 3083 895 3128 mscr.
914 3067 1129 3146 scriptionem
1149 3068 1260 3132 defeu-

226 3155 366 3222 deudam
387 3173 467 3218 esse.
531 3150 576 3211 At
602 3168 640 3211 ea
670 3150 858 3210 contortior
886 3157 935 3212 est
964 3150 1196 3232 interpretatio
1226 3163 1262 3218 et

225 3261 343 3326 parum
364 3248 449 3322 apta.
504 3232 601 3319 Apud
623 3232 850 3296 Robortellum
872 3235 908 3294 in
930 3232 1040 3295 adnot.
1061 3235 1262 3302 scholiastae

225 3323 324 3390 modo
344 3325 487 3410 allegata
508 3341 570 3405 pro
591 3313 705 3400 βροτὸς
726 3317 885 3379 scribitur
905 3315 1049 3400 βριεοὺς.
1111 3319 1208 3402 Quod
1229 3323 1260 3385 si

248 3411 404 3474 enuinum
438 3417 513 3486 ast,
556 3404 728 3485 sequitur,
770 3401 855 3465 hauc
883 3403 1011 3468 variam
1043 3405 1260 3486 scriptionem

224 3433 325 3558 dnicae
347 3495 382 3555 iu
404 3493 491 3556 libro
514 3489 720 3554 scholiastae.
774 3484 854 3548 Eam
875 3485 985 3549 tamen
1007 3485 1259 3573 haudquaquam

224 3577 368 3642 dixerim
390 3580 494 3660 ipsam
516 3595 535 3636 a
557 3581 654 3656 poeta
674 3572 857 3652 profectam
878 3575 959 3638 esse.
1005 3568 1152 3635 Videtur
1173 3573 1260 3637 mibi

223 3665 377 3752 vulgatae
403 3662 557 3724 lectionis
580 3665 613 3719 et
634 3655 795 3718 facillima
815 3652 1009 3718 adsensum
1031 3664 1065 3720 et
1087 3660 1260 3742 aptissima

224 3747 305 3813 haec
325 3767 395 3812 essa
416 3747 576 3810 mutatio=

355 3830 400 3898 Τά
422 3833 548 3931 πρᾶγμα
568 3827 693 3907 μεῖζον,
736 3824 758 3903 ἢ
778 3849 825 3900 τις
846 3824 961 3902 οἴεται,
995 3823 1065 3889 τάδε

350 3923 476 4002 doctore
498 3909 645 3986 δικάζειν.

272 4002 364 4086 Quae
376 4008 561 4086 sequnntur
574 4007 608 4062 et
622 3999 691 4079 ipsa
706 4014 879 4080 perperam
893 3995 1093 4067 exhibentur
1110 3999 1145 4059 iu
1161 3996 1256 4058 libris

223 4097 258 4154 et
277 4089 411 4174 scriptis
429 4097 463 4152 et
484 4083 662 4170 impressis.
705 4081 839 4146 Habent
855 4077 986 4146 codices
1000 4101 1113 4146 ornnes
1129 4077 1255 4164 φόνους,
